

@inproceedings{
ATL,
        author="R. Alur and T.A. Henzinger and O. Kupferman",
        title="Alternating-time temporal logic",
        booktitle="Proceedings of the 38th Annual Symposium on
                Foundations of Computer Science",
        publisher="IEEE Computer Society Press",
        year="1997",
        pages="100--109"
        }


@INCOLLECTION{Mo98,
  AUTHOR =       "R. Alur and T.A. Henzinger and F.Y.C. Mang
    and S. Qadeer and S.K. Rajamani and S. Tasiran",
  TITLE =        "{\sc Mocha} : {M}odularity in model checking",
  BOOKTITLE =    "CAV 98: Computer Aided Verification",
  PUBLISHER =    "Springer-Verlag",
  YEAR =         "1998",
  editor =       "A. Hu and M. Vardi",
  volume =       "",
  number =       "",
  series =       "",
  type =         "",
  chapter =      "",
  pages =        "521--525",
  address =      "",
  edition =      "",
  month =        "",
  note =         "",
  abstract =     "",
  keywords =     "",
  file = F
}

@MISC{chaicommdoc,
  author =       "{Design and Verification Lab}",
  title =        "{{CHAI}-A Tool For Synchronous Interfaces}",
  howpublished = "{http://www.cse.ucsc.edu/dvlab/chai/docs/html}",
  year =         "2003",
  month =        "",
  note =         "",
  abstract =     "",
  keywords =     "Interfaces, Verification",
  source =       "",
  file = F
}

@MISC{dvlab,
  author =       "de Alfaro, L.",
  title =        "{UC Santa Cruz Design and Verification Lab}",
  howpublished = "http://www.cse.ucsc.edu/dvlab/",
  year =         "2003",
  month =        "",
  note =         "",
  abstract =     "",
  keywords =     "",
  source =       "",
  file = F
}

@MISC{daLect,
  author =       "de Alfaro, L.",
  title =        "Introduction to the theory of Discrete Systems",
  howpublished = "Unpublished Class Lecture Notes",
  year =         "2001",
  month =        "",
  note =         "",
  abstract =     "",
  keywords =     "",
  source =       "",
  file = F
}

@MISC{ocaml,
  author =       "Inria",
  title =        "OCAML",
  howpublished = "http://caml.inria.fr/",
  year =         "",
  month =        "",
  note =         "",
  abstract =     "",
  keywords =     "",
  source =       "",
  file = F
}
@MISC{sscblif,
  author =       "F. X. Fornari",
  title =        "{SSCBLIF-Esterel BLIF code producer}",
  howpublished = "http://www.infeig.unige.ch/lab/doc/html/esterel/sscblif1.html",
  publisher = "Ecole des Mines de Paris (CMA) and INRIA",
  year =         "",
  month =        "",
  note =         "",
  abstract =     "",
  keywords =     "",
  source =       "",
  file = F
}

@inproceedings{PREVAIL,
    author = "D. Borrione and H. Bouamama and D. Deharbe and
    C. Le Faou and A. Wahba",
    title = "{HDL}-Based Integration of Formal Methods and {CAD} Tools in the {PREVAIL} Environment",
    booktitle = "Formal Methods in Computer-Aided Design",
    pages = "450-467",
    publisher = "Springer-Verlag",
    year = "1996",
    url = "citeseer.nj.nec.com/borrione96hdlbased.html"
}

@PHDTHESIS{ranjan97,
  author = {R.K. Ranjan},
  title = {{Design and Implementation Verification of Finite State Systems}},
  school = {Electronics Research Lab, University of California, Berkeley},
  year = {1997},
  month = {December},
  sw = {BDD, shared memory BDDs and distributed BDDs},
  standort = {{DD4.2, http://www-cad.eecs.berkeley.edu/~rajeev/publications/publications.html, electronic}},
}

@inproceedings{SMV96,
    author = "{D.L. Dill}",
    title = "The Murphi Verification System",
    booktitle = "Proceedings of the Eighth International Conference on Computer Aided Verification {CAV}",
    volume = "1102",
    month = "/",
    publisher = "Springer-Verlag",
    address = "New Brunswick, NJ, USA",
    editor = "{Rajeev Alur} and {Thomas A. Henzinger}",
    pages = "390--393",
    year = "1996",
    url = "citeseer.ist.psu.edu/dill96murphi.html"
}

@article{RM96journal,
    author = "R. Alur and T.A. Henzinger",
    title = "Reactive Modules",
    journal = "Formal Methods in System Design: An International Journal",
    volume = "15",
    number = "1",
    month = "July",
    publisher = "Kluwer Academic Publishers",
    pages = "7--48",
    year = "1999",
    url = "citeseer.nj.nec.com/alur99reactive.html"
}

@inproceedings{VIS96,
    author = "R. K. Brayton and G. D. Hachtel and A. Sangiovanni-Vincentelli and F. Somenzi and A. Aziz and S.-T. Cheng and S. Edwards and S. Khatri and Y. Kukimoto and A. Pardo and S. Qadeer and R. K. Ranjan and S. Sarwary and T. R. Shiple and G. Swamy and T. Villa",
    title = "{VIS}: a System for Verification and Synthesis",
    booktitle = "Proceedings of the Eighth International Conference on Computer Aided Verification {CAV}",
    volume = "1102",
    month = "",
    publisher = "Springer Verlag",
    address = "New Brunswick, NJ, USA",
    editor = "{Rajeev Alur} and {Thomas A. Henzinger}",
    pages = "428--432",
    year = "1996",
    url = "citeseer.nj.nec.com/brayton96vis.html"
}

%mocha manual
@MANUAL{mochaman,
  TITLE =        "{{MOCHA} user manual}",
  author =       {R. Alur and  de Alfaro, L. and  T.A. Henzinger and
  S.C. Krishnan and F.Y.C. Mang and S. Qadeer and S.K. Rajamani and
 S. Tasiran},
  organization = "University of California, Berkeley",
  address =      "",
  edition =      "",
  month =        "",
  year =         "2000",
  note =         "",
  abstract =     "",
  keywords =     "",
  source =       "",
  file = F
}


%Chai Download site
@MISC{getchai,
  author =       "{Design and Verification Lab}",
  title =        "{CHAI-A Tool For Synchronous Interfaces}",
  howpublished = "{http://www.cse.ucsc.edu/dvlab/chai/}",
  year =         "2003",
  keywords =     "Interfaces, Verification",
  source =       "UC Santa Cruz",
  file = F
}

@inproceedings{ b2m,
    author = "D. Basin and S. Friedrich and S. M{\"o}dersheim",
    title = "{B2M}: {A} {S}emantic {B}ased {T}ool for {BLIF} {H}ardware {D}escriptions",
    booktitle = "Formal Methods in Computer-Aided Design, Third International Conference, {FMCAD} 2000",
    publisher = "Springer-Verlag",
    series = "LNCS",
    volume = "1954",
    address = "Austin, Tx, USA",
    editor = "Warren A. Hunt and Steven D. Johnson",
    pages = "91--107",
    year = "2000",
    url = "citeseer.nj.nec.com/451641.html" }

@MISC{mv2rmdoc,
  author =       "V. Bhandari",
  title =        "{MV2RM- BlifMV to Reactive Modules, Documentation}",
  howpublished = "{http://www.cse.ucsc.edu/dvlab/mv2rm/}",
  year =         "2003",
  month =        "June",
  source =       "UC Santa Cruz",
  file = F
}

@misc{vl2mv,
  author = "S.T. Cheng",
  title = "Compiling Verilog into Automata",
  howpublished = "Technical Report UCB/ERL M94/37, Electronics Research Lab, Univ. of California, Berkeley, CA 94720",
  year = "1994",
  url = "citeseer.nj.nec.com/cheng94compiling.html" }

@inproceedings{cav-paper,
    author = "A. Chakrabarti and de Alfaro, L. and T.A. Henzinger
              and F.Y.C. Mang",
    title = "Synchronous and Bidirectional Component Interfaces",
    booktitle = "Proceedings of CAV 2002",
    publisher = "Springer-Verlag",
    series = "LNCS",
    volume = "2404",
    pages = "414--427",
    year = 2002
}

%%CAV Paper
@inproceedings{
    cav-paper-old,
    author="A. Chakrabarti and  L. de Alfaro and T.A. Henzinger and F.Y.C. Mang",
    title="Synchronous and Bidirectional Component Interfaces",
    booktitle="Proceedings of CAV",
    year="1997",
    series="LNCS",
    volume="2404",
    pages=""
}

%%Example Bibliographies
    @book{
IEEE,
    title="IEEE Standard Dictionary of Electrical and Electronics Terms",
    editor="F. Jay",
    edition="fourth",
    publisher="The Institute of Electrical and Electronics Engineers",
    address="Piscataway, New Jersey",
    year="1988"
    }

        @book{
LNCS600,
    title="Real Time: Theory in Practice",
        editor="de Bakker, J.W. and K. Huizing and de Roever, W.-P. and
            G. Rozenberg",
        series="Lecture Notes in Computer Science 600",
        publisher="Springer-Verlag",
        year="1992"
        }

    @phdthesis{
Abadi87,
    author="M. Abadi",
    title="Temporal-Logic Theorem Proving",
        school="Stanford University",
        year="1987"
    }

    @inproceedings{
AbadiLamport88,
        author="M. Abadi and L. Lamport",
    title="The existence of refinement mappings",
    booktitle="Proceedings of the 3rd Annual Symposium on
            Logic in Computer Science",
    publisher="IEEE Computer Society Press",
        year="1988",
    pages="165--175"
    }

    @incollection{
AbadiLamport90,
        author="M. Abadi and L. Lamport",
    title="Composing specifications",
    booktitle="Stepwise Refinement of Distributed Systems: Models,
        Formalism, Correctness",
        editor="de Bakker, J.W. and de Roever, W.-P. and G. Rozenberg",
    series="Lecture Notes in Computer Science 430",
    publisher="Springer-Verlag",
        year="1990"
        }

    @article{
AbadiLamport91,
        author="M. Abadi and L. Lamport",
    title="The existence of refinement mappings",
    journal="Theoretical Computer Science",
        volume="82",
    number="2",
        year="1991",
    pages="253--284"
    }

        @incollection{
AbadiLamport92,
        author="M. Abadi and L. Lamport",
        title="An old-fashioned recipe for real time",
        booktitle="Real Time: Theory in Practice",
        editor="de Bakker, J.W. and K. Huizing and de Roever, W.-P. and
            G. Rozenberg",
        series="Lecture Notes in Computer Science 600",
        publisher="Springer-Verlag",
        year="1992",
    pages="1--27"
        }

    @article{
AbadiLamport93,
        author="M. Abadi and L. Lamport",
    title="Composing Specifications",
    journal="ACM Transactions on Programming Languages and Systems",
        volume="15",
    number="1",
        year="1993",
    pages="73--132"
    }

    @article{
AlurDill94,
    author="R. Alur and D.L. Dill",
    title="A theory of timed automata",
    journal="Theoretical Computer Science",
    year="1994",
    volume="126",
    pages="183--235"
    }

        @techreport{
BerryGonthier88,
        author="G. Berry and G. Gonthier",
        title="The Synchronous Programming Language {\sc {E}sterel}: Design,
            Semantics, Implementation",
    institution="INRIA",
    number="842",
    year="1988"
    }

    @unpublished{
CBG91,
    author="E.M. Clarke and J.R. Burch and O. Grumberg and
        D.E. Long and K.L. McMillan",
    title="Automatic verification of sequential circuit designs",
        note="Presented at the Royal Society of London",
        year="1991"
    }

    @mastersthesis{
Harel88,
    author="E. Harel",
    title="Temporal Analysis of Real-time Systems",
        school="The Weizmann Institute of Science",
    address="Rehovot, Israel",
        year="1988"
    }

%
%  MISCELLANEOUS KINDS OF REFERENCES
%
%

    @manual{
tix-http,
      title = "{Tix Home Page}",
      note = {{\tt http://www.xpi.com/tix/index.html}},
      year = 1997,
      organization = {Expert Interface Technologies}
}
