	
	@book{
IEEE,
	title="IEEE Standard Dictionary of Electrical and Electronics Terms",
	editor="F. Jay",
	edition="fourth",
	publisher="The Institute of Electrical and Electronics Engineers",
	address="Piscataway, New Jersey",
	year="1988"
	}

        @book{
LNCS354,
	title="Linear Time, Branching Time, and Partial Order in Logics
		and Models for Concurrency",
        editor="de Bakker, J.W. and de Roever, W.-P. and G. Rozenberg",
	series="Lecture Notes in Computer Science 354",
	publisher="Springer-Verlag",
        year="1988"
        }

        @book{
LNCS600,
	title="Real Time: Theory in Practice",
        editor="de Bakker, J.W. and K. Huizing and de Roever, W.-P. and 
        	G. Rozenberg",
        series="Lecture Notes in Computer Science 600",
        publisher="Springer-Verlag",
        year="1992"
        }

	@book{
LNCS736,
	title="Hybrid Systems I",
	editor="R.L. Grossman and A. Nerode and A.P. Ravn and H. Rischel",
	series="Lecture Notes in Computer Science 736",
	publisher="Springer-Verlag",
        year="1993"
	}

	@book{
LNCS999,
	title="Hybrid Systems II",
	editor="P. Antsaklis and A. Nerode and W. Kohn and S. Sastry",
	series="Lecture Notes in Computer Science 999",
	publisher="Springer-Verlag",
        year="1995"
	}

	@phdthesis{
Abadi87,
	author="M. Abadi",
	title="Temporal-Logic Theorem Proving",
        school="Stanford University",
        year="1987"
	}

	@inproceedings{
AbadiLamport88,
        author="M. Abadi and L. Lamport",
	title="The existence of refinement mappings",
	booktitle="Proceedings of the 3rd Annual Symposium on 
       		Logic in Computer Science",
	publisher="IEEE Computer Society Press",
        year="1988",
	pages="165--175"
	}

	@incollection{ 
AbadiLamport90,
        author="M. Abadi and L. Lamport",
	title="Composing specifications",
	booktitle="Stepwise Refinement of Distributed Systems: Models,
		Formalism, Correctness",
        editor="de Bakker, J.W. and de Roever, W.-P. and G. Rozenberg",
	series="Lecture Notes in Computer Science 430",
	publisher="Springer-Verlag",
        year="1990"
        }

	@article{
AbadiLamport91,
        author="M. Abadi and L. Lamport",
	title="The existence of refinement mappings",
	journal="Theoretical Computer Science",
        volume="82",
	number="2",
        year="1991",
	pages="253--284"
	}

        @incollection{
AbadiLamport92,
        author="M. Abadi and L. Lamport",
        title="An old-fashioned recipe for real time",
        booktitle="Real Time: Theory in Practice",
        editor="de Bakker, J.W. and K. Huizing and de Roever, W.-P. and 
        	G. Rozenberg",
        series="Lecture Notes in Computer Science 600",
        publisher="Springer-Verlag",
        year="1992",
	pages="1--27"
        }

	@article{
AbadiLamport93,
        author="M. Abadi and L. Lamport",
	title="Composing Specifications",
	journal="ACM Transactions on Programming Languages and Systems",
        volume="15",
	number="1",
        year="1993",
	pages="73--132"
	}

        @article{
AbadiLamport94,
        author="M. Abadi and L. Lamport",
        title="An old-fashioned recipe for real time",
	journal="ACM Transactions on Programming Languages and Systems",
        volume="16",
	number="5",
        year="1994",
	pages="1543--1571"
	}

	@article{
AbadiLamport95,
        author="M. Abadi and L. Lamport",
	title="Conjoining Specifications",
	journal="ACM Transactions on Programming Languages and Systems",
        volume="17",
	number="3",
        year="1995",
	pages="507--534"
	}

	@inproceedings{
AbdullaJonsson93,
        author="P. Abdulla and B. Jonsson",
	title="Verifying programs with unreliable channels",
	booktitle="Proceedings of the Eighth Annual Symposium on 
       		Logic in Computer Science",
	publisher="IEEE Computer Society Press",
        year="1993",
	pages="160--170"
	}

	@article{
Abramsky87,
	author="S. Abramsky",
	title="Observation equivalence as a testing equivalence",
	journal="Theoretical Computer Science",
	volume="53",
	year="1987",
	pages="225--241"
	}

	@article{
AdveGharachorloo96,
	author="S.V. Adve and K. Gharachorloo",
	title="Shared memory consistency models: a tutorial",
	journal="Computer", 
	volume=29,
	number=12, 
	year=1996,
	pages="66--76"
	}

	@inproceedings{
AggarwalKurshan83,
	author="S. Aggarwal and R.P. Kurshan",
	title="Modeling elapsed time in protocol specification",
	booktitle="Proceedings of the Third IFIP WG6.1 International
        	Workshop on Protocol Specification, Testing, and 
		Verification",
	editor="H. Rudin and C.H. West",
	publisher="Elsevier Science Publishers",
	year="1983",
	pages="51--62"
	}
	
	@article{
ADS86,
        author="B. Alpern and A.J. Demers and F.B. Schneider",
	title="Safety without stuttering",
	journal="Information Processing Letters",
        volume="23",
	number="4",
        year="1986",
	pages="177--180"
        }

	@article{
AlpernSchneider85,
        author="B. Alpern and F.B. Schneider",
	title="Defining liveness",
	journal="Information Processing Letters",
        volume="21",
	number="4",
        year="1985",
	pages="181--185"
        }

	@phdthesis{
Alur91,
	author="R. Alur",
	title="Techniques for Automatic Verification of Real-time Systems",
        school="Stanford University",
        year="1991"
	}

	@article{
ArchibaldBaer86,
	author="J. Archibald and J.-L. Baer",
	title="Cache coherence protocols: evaluation using a
multiprocessor simulation model",
	journal="ACM Transactions on Computer Systems",
	volume=4,
	number=4,
	pages="273--298",
	year="1986"
	}

	@inproceedings{
AAT94,
	author="R. Alur and H. Attiya and G. Taubenfeld",
	title="Time-adaptive algorithms for synchronization",
	booktitle="Proceedings of the 26th Annual Symposium on
		Theory of Computing",
	publisher="ACM Press",
        year="1994"
	}

	@inproceedings{
ACD90,
        author="R. Alur and C. Courcoubetis and D.L. Dill",
	title="Model checking for real-time systems",
	booktitle="Proceedings of the Fifth Annual Symposium on 
     		Logic in Computer Science",
	publisher="IEEE Computer Society Press",
        year="1990",
	pages="414--425"
	}

	@article{
ACD93,
        author="R. Alur and C. Courcoubetis and D.L. Dill",
	title="Model checking in dense real time",
	journal="Information and Computation",
	volume="104",
	number="1",
	year="1993",
	pages="2--34"
	}

	@incollection{
ACH92,
	author="R. Alur and C. Courcoubetis and N. Halbwachs and
		D.L. Dill and {Wong-Toi}, H.",
	title="Minimization of timed transition systems",
	editor="R.J. Cleaveland",
	booktitle="CONCUR 92: Theories of Concurrency",
	series="Lecture Notes in Computer Science 630",
	publisher="Springer-Verlag",
	year="1992",
	pages="340--354"
	}

	@incollection{
AlurDill90,
        author="R. Alur and D.L. Dill",
	title="Automata for modeling real-time systems",
	booktitle="ICALP 90: Automata, Languages, and Programming",
	editor="M.S. Paterson",
	series="Lecture Notes in Computer Science 443",
	publisher="Springer-Verlag",
        year="1990",
	pages="322--335"
	}

	@article{
AlurDill94,
	author="R. Alur and D.L. Dill",
	title="A theory of timed automata",
	journal="Theoretical Computer Science",
	year="1994",
	volume="126",
	pages="183--235"
	}

	@incollection{
AlurHenzinger95,
        author="R. Alur and T.A. Henzinger",
        title="Local liveness for compositional modeling of fair reactive 
		systems",
	booktitle="CAV 95: Computer-aided Verification",
	editor="P. Wolper",
	series="Lecture Notes in Computer Science 939",
	publisher="Springer-Verlag",
        year="1995",
	pages="166--179"
	}

	@inproceedings{
AlurHenzinger96,
        author="R. Alur and T.A. Henzinger",
	title="Reactive modules",
	booktitle="Proceedings of the 11th Annual Symposium on 
        	Logic in Computer Science",
	publisher="IEEE Computer Society Press",
        year="1996",
	pages="207--218"
	}

	@inproceedings{
AlurHenzinger97,
        author="R. Alur and T.A. Henzinger",
	title="Modularity for timed and hybrid systems",
	booktitle="CONCUR 97: Proceedings of the 8th International
	   Conference on Concurrency Theory",
	series="Lecture Notes in Computer Science 1243",
	publisher="Springer-Verlag",
        year="1997",
	pages="74--88"
	}

        @inproceedings{
AHK97,
        author="R. Alur and T.A. Henzinger and O. Kupferman", 
        title="Alternating-time temporal logic",
        booktitle="Proceedings of the 38th Annual Symposium on 
                Foundations of Computer Science",
        publisher="IEEE Computer Society Press",
        year="1997",
        pages="100--109"
        }


	@inproceedings{
AHR98,
        author="R. Alur and T.A. Henzinger and S.K. Rajamani",
	title="Symbolic exploration of transition hierarchies",
	booktitle="TACAS 98: Tools and Algorithms for Construction and
	      Analysis of Systems",
	editor = "B. Steffen",
	series="Lecture Notes in Computer Science 1384",
	publisher="Springer-Verlag",
        year="1998",
	pages="330--344"
	}


	@incollection{
AHM98,
	author	    =   {R. Alur and T.A. Henzinger and F.Y.C. Mang
	and S. Qadeer and S.K. Rajamani and S. Tasiran},
        title       =   "{\sc Mocha} : {M}odularity in model checking",
	booktitle="CAV 98: Computer Aided Verification",
	editor="A. Hu and M. Vardi",
	series="Lecture Notes in Computer Science",
	publisher="Springer-Verlag",
        year="1998",
	pages="521--525"
	}

	@incollection{
AIKY92,
	author="R. Alur and A. Itai and R.P. Kurshan and M. Yannakakis",
	title="Timing verification by successive approximation",
	booktitle="CAV 92: Computer Aided Verification",
	editor="G. von Bochmann and D.K. Probst",
	series="Lecture Notes in Computer Science 663",
	publisher="Springer-Verlag",
	year="1992",
	pages="137--150"
	}

	@article{
AIKY95,
        author="R. Alur and A. Itai and R.P. Kurshan and M. Yannakakis",
        title="Timing verification by successive approximation",
        journal="Information and Computation",
        volume="118",
        number="1",
        year="1995",
        pages="142--157"
	}

	@inproceedings{
AlurKurshan96,
	author="R. Alur and R.P. Kurshan",
	title="Timing analysis in {\sc {C}ospan}",
	booktitle="Hybrid Systems III",
	editor="R. Alur and T.A. Henzinger and E.D. Sontag",
	series="Lecture Notes in Computer Science 1066",
	publisher="Springer-Verlag",
        year="1996",
        pages="220--231"
	}

	@book{
Andrews91,
	author="G.R. Andrews",
	title="Concurrent Programming: Principles and Practice",
	publisher="Benjamin/Cummings",
	year="1991"
	}
	
	@article{
AFdR80,
	author="K.R. Apt and N. Francez and de Roever, W.-P.",
	title="A proof system for communicating sequential processes",
	journal="ACM Transactions on Programming Languages and Systems",
	volume="2",
	year="1980",
	pages="359--385"
	}

	@article{
AFK88,
        author="K.R. Apt and N. Francez and S. Katz",
	title="Appraising fairness in languages for distributed programming",
	journal="Distributed Computing",
        volume="2",
	number="4",
        year="1988",
	pages="226--241"
        }

	@book{
AptOlderog91,
	author="K.R. Apt and Olderog, E.-R.",
	title="Verification of Sequential and Concurrent Programs",
	publisher="Springer-Verlag",
	year="1991"
	}

	@incollection{
ABK97,
	author="E. Asarin and M. Bozga and A. Kerbrat and O. Maler and 
		A. Pnueli and A. Rasse",
	title="Data structures for the verification of timed automata", 
	booktitle="HART 97: Hybrid and Real-time Systems",
	editor="O. Maler",
	series="Lecture Notes in Computer Science 1201",
	publisher="Springer-Verlag",
        year="1997",
	pages="346--360"
	}

	@article{
ABM89,
	author="Y. Afek and G. Brown and M. Merritt",
	title="Lazy caching",
	journal="ACM Transactions on Programming Languages and
Systems",
	volume="15",
	number="1",
	year=1993,
	pages="182--205"
	}

	@article{
AMP95,
        author="E. Asarin and O. Maler and A. Pnueli",
        title="On the analysis of dynamical systems having piecewise-constant 
                derivatives",
        journal="Theoretical Computer Science",
        volume="238",
        year="1995",
        pages="35-65"
        }

	@incollection{
AMP96,
	author="E. Asarin and O. Maler and A. Pnueli",
	title="Symbolic controller synthesis for discrete and timed systems", 
	booktitle="Hybrid Systems II",
	editor="P. Antsaklis and A. Nerode and W. Kohn and S. Sastry",
	series="Lecture Notes in Computer Science 999",
	publisher="Springer-Verlag",
        year="1995",
	pages="1--20"
	}

	@inproceedings{
AMP96b,
	author="R. Alur and K.L. McMillan and D. Peled", 
	title="Model-checking of correctness conditions for concurrent
objects", 
	booktitle="Proceedings of the 11th Annual IEEE Symposium on
		Logic in Computer Science",
	year="1996",
	pages="219--228"
	}


	@incollection{
BGM93,
        author="A. Back and J. Guckenheimer and M. Myers",
        title="A dynamical simulation facility for hybrid systems",
	booktitle="Hybrid Systems",
	editor="R.L. Grossman and A. Nerode and A.P. Ravn and H. Rischel",
	series="Lecture Notes in Computer Science 736",
	publisher="Springer-Verlag",
        year="1993",
        pages="255--267"
	}

        @article{
BaetenBergstra91,
        author="J.C.M. Baeten and J.A. Bergstra",
	title="Real-time process algebra",
	journal="Formal Aspects of Computing",
        volume="3",
	number="2",
        year="1991",
	pages="142--188"
        }

	@book{
BaetenWeijland90,
	author="J.C.M. Baeten and W.P. Weijland",
	title="Process Algebra",
	publisher="Cambridge University Press",
	year="1990"
	}

	@incollection{
Barringer87,
	author="H. Barringer",
	title="The use of temporal logic in the compositional specification
		of concurrent systems",
	booktitle="Temporal Logics and their Applications",
	editor="A. Galton",
	publisher="Academic Press",
	year="1987",
	pages="53--90"
	}

	@inproceedings{
BKP84,
	author="H. Barringer and R. Kuiper and A. Pnueli",
	title="Now you may compose temporal-logic specifications",
	booktitle="Proceedings of the 16th Annual Symposium on
		Theory of Computing",
	publisher="ACM Press",
        year="1984",
	pages="51--63"
	}

	@inproceedings{
BKP86,
	author="H. Barringer and R. Kuiper and A. Pnueli",
	title="A really abstract concurrent model and its temporal logic",
	booktitle="Proceedings of the 13th Annual Symposium on
		Principles of Programming Languages",
	publisher="ACM Press",
        year="1986",
	pages="173--183"
	}

	@book{
BenAri90,
	author="{Ben-Ari}, M.",
	title="Principles of Concurrent and Distributed Programming",
	publisher="Prentice-Hall",
	year="1990"
	}

	@inproceedings{
BMP81,
        author="{Ben-Ari}, M. and Z. Manna and A. Pnueli",
	title="The temporal logic of branching time",
	booktitle="Proceedings of the Eighth Annual Symposium on
		Principles of Programming Languages",
	publisher="ACM Press",
        year="1981",
	pages="164--176"
	}

	@incollection{
BGK96,
	author="J. Bengtsson and W.O.D. Griffioen and K.J. Kristoffersen and 
        	K.G. Larsen and F. Larsson and P. Pettersson and W. Yi",
	title="Verification of an audio protocol with bus collision using 
		{\sc {U}ppaal}",
	booktitle="CAV 96: Computer Aided Verification",
	editor="R. Alur and T.A. Henzinger",
	series="Lecture Notes in Computer Science 1102",
	publisher="Springer-Verlag",
        year="1996",
	pages="244--256"
	}

	@inproceedings{
BLL96,
	author="J. Bengtsson and K.G. Larsen and F. Larsson and P. Pettersson
		and W. Yi",
	title="{\sc {U}ppaal}: a tool-suite for automatic verification of 
		real-time systems",
	booktitle="Hybrid Systems III",
	editor="R. Alur and T.A. Henzinger and E.D. Sontag",
	series="Lecture Notes in Computer Science 1066",
	publisher="Springer-Verlag",
        year="1996",
        pages="232--243"
	}

	@incollection{
BBLS92,
	author="S. Bensalem and A. Bouajjani and C. Loiseaux and J. Sifakis",
	title="Property-preserving simulations",
	booktitle="CAV 92: Computer Aided Verification",
	editor="G. von Bochmann and D.K. Probst",
	series="Lecture Notes in Computer Science 663",
	publisher="Springer-Verlag",
	year="1992",
	pages="260--273"
	}

	@incollection{
BVW94,
	author="O. Bernholtz and M.Y. Vardi and P. Wolper",
	title="An automata-theoretic approach to branching-time model 
        	checking",
	booktitle="CAV 94: Computer Aided Verification",
	editor="D.L. Dill",
	series="Lecture Notes in Computer Science",
	publisher="Springer-Verlag",
	year="1994",
	pages="142--155"
	}

	@inproceedings{
BernsteinHarter81,
        author="A. Bernstein and Harter, Jr., P.K.",
	title="Proving real-time properties of programs with temporal logic",
	booktitle="Proceedings of the Eighth Annual Symposium on 
        	Operating System Principles",
	publisher="ACM Press",
        year="1981",
	pages="1--11"
	}

        @techreport{
BerryGonthier88,
        author="G. Berry and G. Gonthier",
        title="The Synchronous Programming Language {\sc {E}sterel}: Design, 
        	Semantics, Implementation",
	institution="INRIA",
	number="842",
	year="1988"
	}

	@inproceedings{
BRS93,
        author="G. Berry and S. Ramesh and R.K. Shyamasundar",
	title="Communicating reactive processes",
	booktitle="Proceedings of the 20th Annual Symposium on
		Principles of Programming Languages",
	publisher="ACM Press",
        year="1993",
	pages="85--98"
	}

	@article{
BerthomieuDiaz91,
	author="B. Berthomieu and M. Diaz",
	title="Modeling and verification of time-dependent systems using
		time {Petri} nets",
	journal="IEEE Transactions on Software Engineering",
        volume="SE-17",
	number="3",
        year="1991",
	pages="259--273"
        }

	@incollection{
BBC96,
	author="N. Bj{\o}rner and A. Browne and E. Chang and M. Col\'on and 
		A. Kapur and Z. Manna and H.B. Sipma and T.E. Uribe",
	title="{\sc {S}{T}e{P}}: deductive-algorithmic verification of 
		reactive and real-time systems",
	booktitle="CAV 96: Computer Aided Verification",
	editor="R. Alur and T.A. Henzinger",
	series="Lecture Notes in Computer Science 1102",
	publisher="Springer-Verlag",
        year="1996",
	pages="415--418"
	}

	@phdthesis{
Bloom89,
	author="B. Bloom",
	title="Ready simulation, bisimulation, and the semantics of 
		{CCS}-like languages",
	school="MIT",
	year="1989"
	}

	@inproceedings{
BIM88,
	author="B. Bloom and S. Istrail and A.R. Meyer",
	title="Bisimulation can't be traced",
	booktitle="Proceedings of the 15th Annual Symposium on
		Principles of Programming Languages",
	publisher="ACM Press",
        year="1988",
	pages="229--239"
	}

	@article{
BloomPaige95,
        author="B. Bloom and R. Paige",
        title="Transformational design and implementation of a new efficient 
		solution to the ready simulation problem",
        journal="Science of Computer Programming",
	volume="24",
	number="3",
        year="1995",
	pages="189--220"
        }

	@incollection{
BPV94,
	author="D. Bosscher and I. Polak and F. Vaandrager",
	title="Verification of an audio-control protocol",
	booktitle="FTRTFT 94: Formal Techniques in Real-time and 
		Fault-tolerant Systems",
	editor="H. Langmaack and de Roever, W.-P. and J. Vytopil",
	series="Lecture Notes in Computer Science 863",
	publisher="Springer-Verlag",
        year="1994",
	pages="170--192"
	}

	@incollection{
BER94cav,
	author="A. Bouajjani and R. Echahed and R. Robbana",
	title="Verification of context-free timed systems using linear hybrid
                observers",
	booktitle="CAV 94: Computer Aided Verification",
	editor="D.L. Dill",
	series="Lecture Notes in Computer Science",
	publisher="Springer-Verlag",
	year="1994",
        pages="118--131"
	}

	@incollection{
BER94ftrtft,
	author="A. Bouajjani and R. Echahed and R. Robbana",
	title="Verifying invariance properties of timed systems with duration 
		variables",
	booktitle="FTRTFT 94: Formal Techniques in Real-time and 
		Fault-tolerant Systems",
	editor="H. Langmaack and de Roever, W.-P. and J. Vytopil",
	series="Lecture Notes in Computer Science 863",
	publisher="Springer-Verlag",
        year="1994",
	pages="193--210"
	}

	@inproceedings{
BES93,
	author="A. Bouajjani and R. Echahed and J. Sifakis",
	title="On model checking for real-time properties with durations",
	booktitle="Proceedings of the Eighth Annual Symposium on
		Logic in Computer Science",
	publisher="IEEE Computer Society Press",
	year="1993",
	pages="147--159"
	}

	@incollection{
BFH90,
	author="A. Bouajjani and Fernandez, J.-C. and N. Halbwachs",
 	title="Minimal model generation",
	booktitle="CAV 90: Computer Aided Verification",
	editor="R.P. Kurshan and E.M. Clarke",
	series="Lecture Notes in Computer Science 531",
	publisher="Springer-Verlag",
	year="1990",
	pages="197--203"
	}

	@incollection{
BouajjaniRobbana95,
	author="A. Bouajjani and R. Robbana",
	title="Verifying $\omega$-regular properties for subclasses of linear 
		hybrid systems",
	booktitle="CAV 95: Computer Aided Verification",
	editor="P. Wolper",
	series="Lecture Notes in Computer Science 939",
	publisher="Springer-Verlag",
        year="1995",
	pages="437--450"
	}

        @inproceedings{
Bourdoncle93,
        author="F. Bourdoncle",
        title="Abstract debugging of higher-order imperative languages",
        booktitle="Proceedings of the Annual Conference on Programming
		Language Design and Implementation",
        publisher="ACM Press",
        year="1993",
        pages="46--55"
        }

	@book{
BrinchHansen77,
	author="{Brinch Hansen}, P.",
	title="The Architecture of Concurrent Programs",
	publisher="Prentice-Hall",
	year="1977"
	}

	@article{
BCG88,
	author="M.C. Browne and E.M. Clarke and O. Grumberg",
	title="Characterizing finite {K}ripke structures in propositional 
	        temporal logic",
	journal="Theoretical Computer Science",
	volume="59",
	year="1988",
	pages="115--131"
	}

	@article{
Bryant86,
	author="R.E. Bryant",
	title="Graph-based algorithms for boolean function manipulation",
	journal="IEEE Transactions on Computers",
        volume="C-35",
	number="8",
        year="1986",
	pages="677--691"
	}

	@article{
Buchi60,
        author="J.R. B{\"u}chi",
	title="Weak second-order arithmetic and finite automata",
	journal="{Zeitschrift f\"ur mathematische Logik und Grundlagen der
       		Mathematik}",
	volume="6",
	year="1960",
	pages="66--92"
	}

	@inproceedings{
Buchi62,
        author="J.R. B{\"u}chi",
	title="On a decision method in restricted second-order arithmetic",
	booktitle="Proceedings of the First International Congress on Logic,
		Methodology, and Philosophy of Science 1960", 
	editor="E. Nagel and P. Suppes and A. Tarski",
	publisher="Stanford University Press",
        year="1962",
	pages="1--11"
	}

	@article{
BuchiLandweber69,
        author="J.R. B{\"u}chi and L.H. Landweber",
	title="Solving sequential conditions by finite-state strategies",
	journal="Transactions of the AMS",
	volume="138",
        year="1969",
	pages="295--311"
	}

	@incollection{
Burch89,
	author="J.R. Burch",
	title="Combining {CTL}, trace theory, and timing models",
	booktitle="CAV 89: Automatic Verification Methods for Finite-state 
		Systems",
	editor="J. Sifakis",
	series="Lecture Notes in Computer Science 407",
	publisher="Springer-Verlag",
	year="1989",
	pages="334--348"
	}

	@inproceedings{
Burch91,
        author = "J.R. Burch and E.M. Clarke and D.E. Long",
        title = "Symbolic model checking with partitioned transition relations",
        booktitle = "Proc. of the 28th Design Automation Conference",
        pages = "403--407",
        year = 1991
}

	@article{
BCG89,
	author="M.C. Browne and E.M. Clarke and O. Grumberg",
	title="Reasoning about networks with many identical finite
	state processes",
	journal="Information and Computation",
	volume="81",
	number="1",
	year=1989,
	pages="13--31"
}

	@article{
BCM92,
        author="J.R. Burch and E.M. Clarke and K.L. McMillan and
        	D.L. Dill and L.J. Hwang",
	title="Symbolic model checking: $10^{20}$ states and beyond",
	journal="Information and Computation",
	volume="98",
	number="2",
        year="1992",
	pages="142--170"
	}

	@incollection{
Burgess84,
	author="J.P. Burgess",
	title="Basic tense logic",
  	booktitle="Handbook of Philosophical Logic", 
	volume="II",
	editor="D. Gabbay and F. Guenthner", 	
  	publisher="D. Reidel Publishing Company",
	year="1984",
	pages="89--133"
	}

	@incollection{
BHS96,
	author = {R.K. Brayton and 
               G.D. Hachtel and 
               A. Sangiovanni-Vincentelli and  
               F. Somenzi and 
               A. Aziz and  
               S.-T. Cheng and 
               S. Edwards and 
               S. Khatri and 
               Y. Kukimoto and  
               A. Pardo and 
               S. Qadeer and  
               R.K. Ranjan and 
	       S. Sarwary and
               T.R. Shiple and  
	       G. Swamy and 
               T. Villa 
               },
	title = "{VIS: A System for Verification and Synthesis}",
	booktitle="CAV 96: Computer Aided Verification",
	editor="R. Alur and T.A. Henzinger",
	series="Lecture Notes in Computer Science 1102",
	publisher="Springer-Verlag",
        year="1996",
	pages="428-432"
	}

	@inproceedings{
CCM94,
	author="S. Campos and E.M. Clarke and W. Marrero and M. Minea and 
	        H. Hiraishi",
	title="Computing quantitative characteristics of finite-state
		real-time systems",
        booktitle="Proceedings of the 15th Annual Real-time Systems 
                Symposium",
        publisher="IEEE Computer Society Press",
        year="1994"
	}

	@book{
Cassandras93,
	author="C.G. Cassandras",
	title="Discrete-Event Systems: Modeling and Performance Analysis",
	publisher="Aksen Associates",
	year="1993"
	}

	@article{
CelikkanCleaveland,
        author="U. Celikkan and R. Cleaveland",
        title="Generating diagnostic information for behavioral preorders",
        journal="Distributed Computing",
        year="To appear"
        }

	@incollection{
Cerans92,
	author="K. {\v{C}er\=ans}",
	title="Decidability of bisimulation equivalence for parallel
		timer processes",
	booktitle="CAV 92: Computer Aided Verification",
	editor="G. von Bochmann and D.K. Probst",
	series="Lecture Notes in Computer Science 663",
	publisher="Springer-Verlag",
	year="1992",
	pages="302--315"
	}

	@phdthesis{
Cerans92thesis,
	author="K. {\v{C}er\=ans}",
	title="Algorithmic Problems in Analysis of Real-time System 
		Specifications",
        school="University of Latvia",
        year="1992"
	}

	@inproceedings{
CGH93,
	author="E.M. Clarke and O. Grumberg and H. Hiraishi and S. Jha
and D.E Long and K.L. McMillan and L.A. Ness", 
        title="Verification of the {Futurebus+} cache coherence
protocol", 
	booktitle="Proceedings of the 11th IFIP WG10.2 International
Conference on Computer Hardware Description Languages and their Applications",
	year=1993, 
	pages="15--30"
	}

	@incollection{
CGL93,
        author="K. {{\v C}er\=ans} and J.C. Godskesen and K.G. Larsen",
	title="Timed modal specification: Theory and tools",
	booktitle="CAV 93: Computer Aided Verification",
	editor="C. Courcoubetis",
	series="Lecture Notes in Computer Science 697",
	publisher="Springer-Verlag",
        year="1993",
	pages="253--267"
        }

	@article{
CHR91,
	author="Z. Chaochen and C.A.R. Hoare and A.P. Ravn",
	title="A calculus of durations",
	journal="Information Processing Letters",
	volume="40",
	number="5",
	year="1991",
	pages="269--276"
	}

	@book{
ChandyMisra88,
	author="K.M. Chandy and J. Misra",
	title="Parallel Program Design: A Foundation",
	publisher="Addison-Wesley Publishing Company",
	year="1988"
	}	

	@inproceedings{
ChouPeled96,
	author = "C.-T. Chou and D.A. Peled",
	title = "Formal verification of a partial-order reduction technique for model checking",
	booktitle = "Proc. of the 2nd International Workshop on Tools and Algorithms for the Construction and Analysis of Systems",
	series = "Lecture Notes in Computer Science",
	volume = 1055,
	publisher = {Springer-Verlag},
	pages = {241-257},
	year = 1996
}

	@unpublished{
CBG91,
	author="E.M. Clarke and J.R. Burch and O. Grumberg and
		D.E. Long and K.L. McMillan",
 	title="Automatic verification of sequential circuit designs",
        note="Presented at the Royal Society of London",
        year="1991"
	}

	@incollection{
ClarkeEmerson81,
        author="E.M. Clarke and E.A. Emerson", 
	title="Design and synthesis of synchronization skeletons using
		branching-time temporal logic",
	booktitle="Workshop on Logic of Programs",
	series="Lecture Notes in Computer Science 131",
	publisher="Springer-Verlag",
	year="1981",
	pages="52--71"
	}

	@article{
CES86,
        author="E.M. Clarke and E.A. Emerson and A.P. Sistla", 
	title="Automatic verification of finite-state concurrent systems 
		using temporal-logic specifications",
	journal="ACM Transactions on Programming Languages and Systems",
        volume="8",
	number="2",
        year="1986",
	pages="244--263"
        }

	@incollection{
CFJ93,
	author="E.M. Clarke and T. Filkorn and S. Jha",
	title="Exploiting symmetry in temporal-logic model checking",
	booktitle="CAV 93: Computer Aided Verification",
	editor="C. Courcoubetis",
	series="Lecture Notes in Computer Science 697",
	publisher="Springer-Verlag",
	year="1993",
	pages="450--462"
	}

	@incollection{
ClarkeGrumberg87,
	author="E.M. Clarke and O. Grumberg",
	title="Research on automatic verification of finite-state
		concurrent systems",
	booktitle="Annual Review of Computer Science",
	volume="II",
	editor="J.F. Traub and B.J. Grosz and B.W. Lampson and N.J. Nilsson",
	publisher="Annual Reviews",
	year="1987",
	pages="269--290"
	}

	@inproceedings{
CGL92,
	author="E.M. Clarke and O. Grumberg and D.E. Long",
	title="Model checking and abstraction",
	booktitle="Proceedings of the 19th Annual Symposium on
		Principles of Programming Languages",
	publisher="ACM Press",
        year="1992",
	pages="343--354"
	}

	@incollection{
CGL94,
	author="E.M. Clarke and O. Grumberg and D.E. Long",
	title="Verification tools for finite-state concurrent systems",
	booktitle="A Decade of Concurrency: Reflections and Perspectives",
	series="Lecture Notes in Computer Science 803",
	publisher="Springer-Verlag",
	year="1994"
	}

	@inproceedings{
CLM89,
        author="E.M. Clarke and D.E. Long and K.L. McMillan",
	title="Compositional model checking",
	booktitle="Proceedings of the 4th Annual Symposium on 
     		Logic in Computer Science",
	publisher="IEEE Computer Society Press",
        year="1989",
	pages="353--362"
	}

	@article{
CPS93,
	author="R.J. Cleaveland and J. Parrow and B. Steffen",
	title="The {C}oncurrency {W}orkbench: a semantics-based tool for 
		the verification of finite-state systems",
	journal="ACM Transactions on Programming Languages and Systems",
	volume="15",
	number="1",
	year="1993",
	pages="36--72"
	}

	@article{
CleavelandSteffen93,
	author="R.J. Cleaveland and B. Steffen",
	title="A linear-time model-checking algorithm for the alternation-free
		modal $\mu$-calculus",
	journal="Formal Methods in System Design",
	volume="2",
	year="1993",
	pages="121--147"
	}

	@article{
CohenGold77,
	author="R.S. Cohen and A.Y. Gold",
	title="Theory of $\omega$-languages~{I}: characterizations of
	        $\omega$-context-free Languages",
	journal="Journal of Computer and System Sciences",
	volume="15",
	year="1977",
        pages="169--184"
	}

	@book{
Constable86,
	author="R.L. Constable",
	title="Implementing Mathematics with the Nuprl Proof Development
		System",
	publisher="Prentice-Hall",
	year="1986"
	}

        @inproceedings{
Corbett94,
        author="J.C. Corbett",
        title="Modeling and analysis of real-time {Ada} tasking programs",
        booktitle="Proceedings of the 15th Annual Real-time Systems 
                Symposium",
        publisher="IEEE Computer Society Press",
        year="1994"
        }

	@incollection{        
CBM89,
	author="O. Coudert and C. Berthet and J. Madre",
	title="Verification of synchronous sequential machines based 
        	on symbolic execution",
	booktitle="CAV 89: Automatic Verification Methods for Finite-state 
		Systems",
	editor="J. Sifakis",
	series="Lecture Notes in Computer Science 407",
	publisher="Springer-Verlag",
	year="1989",
	pages="365--373"
	}

	@article{
CVWY92,
	author="C. Courcoubetis and M.Y. Vardi and P. Wolper and 
		M. Yannakakis",
	title="Memory-efficient algorithms for the verification of temporal 
		properties",
	journal="Formal Methods in System Design",
	volume="1",
	year="1992",
	pages="275--288"
	}

	@incollection{
CourcoubetisYannakakis91,
	author="C. Courcoubetis and M. Yannakakis",
	title="Minimum and maximum delay problems in real-time systems",
	booktitle="CAV 91: Computer Aided Verification",
	editor="K.G. Larsen and A. Skou",
	series="Lecture Notes in Computer Science 575",
	publisher="Springer-Verlag",
	year="1991",
	pages="399--409"
	}

        @incollection{
Cousot81,
        author="P. Cousot",
        title="Semantics fundations of program analysis",
        booktitle="Program Flow Analysis: Theory and Applications",
        editor="S.S. Muchnick and N.D. Jones",
        publisher="Prentice-Hall",
        year="1981",
        pages="303--342"
        }

	@inproceedings{
CousotCousot77,
	author="P. Cousot and R. Cousot",
	title="Abstract interpretation: a unified lattice model for 
		the static analysis of programs by construction or 
		approximation of fixpoints",
	booktitle="Proceedings of the Fourth Annual Symposium on
		Principles of Programming Languages",
	publisher="ACM Press",
        year="1977"
	}

	@article{
CousotCousot92:jlp,
	author="P. Cousot and R. Cousot",
	title="Abstract interpretation and application to logic programs",
        journal="Journal of Logic Programming",
        volume="13",
	number="2/3",
        year="1992",
        pages="103--179"
	}

        @incollection{
CousotCousot92:plilp,
        author="P. Cousot and R. Cousot",
        title="Comparing the {Galois} connection and widening/narrowing
                approaches to abstract interpretation",
        booktitle="PLILP",
        series="Lecture Notes in Computer Science 631",
        publisher="Springer-Verlag",
        year="1992",
        pages="269--295"
        }

        @inproceedings{
CousotHalbwachs78,
	author="P. Cousot and N. Halbwachs",
	title="Automatic discovery of linear restraints among variables of 
		a program",
	booktitle="Proceedings of the Fifth Annual Symposium on
		Principles of Programming Languages",
	publisher="ACM Press",
        year="1978"
	}

	@techreport{
CGR93,
	author="D.H. Craigen and S.L. Gerhart and T.J. Ralston",
	title="An International Survey of Industrial Applications of 
		Formal Methods",
	institution="Naval Research Laboratory",
	number="NRL/FR/5546-93-9581",
	address="Washington, DC",
	year="1993"
	}

	@inproceedings{
DammPnueli98,
	author = "W. Damm and A. Pnueli",
	title = "Verifying out-of-order executions",
	booktitle = "Proceedings of the IFIP Working Conference on Correct Hardware
	Design and Verification Methods, CHARME",
	year = "1997"
	}

	@incollection{
DGG93,
	author="D.R. Dams and O. Grumberg and R. Gerth",
	title="Generation of reduced models for checking fragments of {CTL}",
	booktitle="CAV 93: Computer Aided Verification",
	editor="C. Courcoubetis",
	series="Lecture Notes in Computer Science 697",
	publisher="Springer-Verlag",
	year="1993",
	pages="479--490"
	}

	@incollection{
DGG94,
	author="D.R. Dams and O. Grumberg and R. Gerth",
	title="Abstract interpretation of reactive systems: abstractions 
		preserving {ACTL}$^*$, {ECTL}$^*$, and {CTL}$^*$",
	booktitle="IFIP Working Conference on Programming Concepts, Methods,
		and Calculi",
	editor="E.-R. Olderog",
	publisher="Elsevier Science Publishers",
	year="1994"
	}

	@article{
DKR82,
	author = "D. Dolev and M. Klawe and M. Rodeh",
	title = "An $O(n \log n)$ unidirectional distributed algorithm for extrema finding in a circle",
	journal = "Journal of Algorithms",
	volume = 3,
	pages = {245-260},
	year = 1982
}

	@incollection{
DargenioBrinksma96,
	author="P.A. D'Argenio and E. Brinksma",
	title="A calculus for timed automata",
	booktitle="FTRTFT 96: Formal Techniques in Real-time and 
		Fault-tolerant Systems",
	editor="B. Jonsson and J. Parrow",
	series="Lecture Notes in Computer Science 1135",
	publisher="Springer-Verlag",
        year="1996",
	pages="110--129"
	}

	@incollection{
DOTY96,
	author="C. Daws and A. Olivero and S. Tripakis and S. Yovine",
	title="The tool {\sc {K}ronos}",
	booktitle="Hybrid Systems III",
	editor="R. Alur and T.A. Henzinger and E.D. Sontag",
	series="Lecture Notes in Computer Science 1066",
	publisher="Springer-Verlag",
        year="1996",
        pages="208--219"
	}

	@inproceedings{
DawsYovine95,
	author="C. Daws and S. Yovine",
	title="Two examples of verification of multirate timed automata with 
		{K}ronos",
	booktitle="Proceedings of the 16th Annual Real-time Systems 
		Symposium",
	publisher="IEEE Computer Society Press",
        year="1995",
	pages="66--75"
	}

	@article{
DederichsWeber90,
        author="F. Dederichs and R. Weber",
	title="Safety and liveness from a methodological point of view",
	journal="Information Processing Letters",
        volume="36",
	number="1",
        year="1990",
	pages="25--30"
        }

	@inproceedings{
deRoever85,
        author="de Roever, W.-P.",
	title="The quest for compositionality: a survey of assertion-based
		proof systems for concurrent programs, part~I",
	booktitle="Proceedings of the IFIP Working Conference on Formal
		Models in Programming",
	editor="E.J. Neuhold and G. Chroust",
	publisher="Elsevier Science Publishers",
        year="1985",
	pages="181--205"
	}

	@article{
Dijkstra65,
	author="E.W. Dijkstra",
	title="Solution of a problem in concurrent programming control",
	journal="Communications of the ACM",
	volume="8",
	number="9",
	year="1965",
	pages="569"
	}	

	@article{
Dijkstra75,
	author="E.W. Dijkstra",
	title="Guarded commands, nondeterminacy, and formal derivation of
		programs",
	journal="Communications of the ACM",
	volume="18",
	number="8",
	year="1975",
	pages="453--457"
	}

	@book{
Dijkstra76,
	author="E.W. Dijkstra",
	title="A Discipline of Programming",
	publisher="Prentice-Hall",
	year="1976"
	}

	@book{
Dill89book,
	author="D.L. Dill",
	title="Trace Theory for Automatic Hierarchical Verification of
		Speed-independent Circuits",
	publisher="The MIT Press",
	year="1989"
	}

	@incollection{
Dill89cav,
	author="D.L. Dill",
	title="Timing assumptions and verification of finite-state
		concurrent systems",
	booktitle="CAV 89: Automatic Verification Methods for Finite-state 
		Systems",
	editor="J. Sifakis",
	series="Lecture Notes in Computer Science 407",
	publisher="Springer-Verlag",
	year="1989",
	pages="197--212"
	}

	@incollection{
DillHu93,
	author="D.L. Dill and A.J. Hu",
	title="Efficient verification with {BDD}s using implicitly 
		conjoined invariants",
	booktitle="CAV 93: Computer Aided Verification",
	editor="C. Courcoubetis",
	series="Lecture Notes in Computer Science 697",
	publisher="Springer-Verlag",
	year="1993",
	pages="3--14"
	}

       	@incollection{
DillWongToi95,
	author="D.L. Dill and {Wong-Toi}, H.",
 	title="Verification of real-time systems by successive over- and 
		underapproximation",
	booktitle="CAV 95: Computer Aided Verification",
	editor="P. Wolper",
	series="Lecture Notes in Computer Science 939",
	publisher="Springer-Verlag",
        year="1995",
	pages="409--422"
	}

	@incollection{
Dill96,
	author = {D. L. Dill},
	title = "{The Mur$\phi$ Verification System}",
	booktitle="CAV 96: Computer Aided Verification",
	editor="R. Alur and T.A. Henzinger",
	series="Lecture Notes in Computer Science 1102",
	publisher="Springer-Verlag",
        year="1996",
	pages = {390-393}
}
	@incollection{
EirikssonMcMillan95,
	author="A.T. Eiriksson and K.L. McMillan", 
	title="Using formal verification/analysis methods on the
critical path in system design: a case study", 
	booktitle="CAV 95: Computer Aided Verification",
	editor="P. Wolper",
	series="Lecture Notes in Computer Science 939",
	publisher="Springer-Verlag",
        year="1995",
	pages="367--380"
	}

	@incollection{
Eiriksson98,
	author="A.T. Eiriksson",
        title="The formal design of 1{M}-gate {ASICs}",
	booktitle="FMCAD 98: Formal Methods in Computer-Aided Design",
	editor="G. Gopalakrishnan and P. Windley",
	series="Lecture Notes in Computer Science 1522",
	publisher="Springer-Verlag",
        year="1998",
	pages="49--63"
	}


	@article{
Emerson83,
        author="E.A. Emerson",
	title="Alternative semantics for temporal logics",
	journal="Theoretical Computer Science",
	volume="26",
	number="1",
        year="1983",
	pages="121--130"
	}

	@incollection{
Emerson90,
	author="E.A. Emerson",
	title="Temporal and modal logic",
  	booktitle="Handbook of Theoretical Computer Science",
	volume="B",
	editor="van Leeuwen, J.",
  	publisher="Elsevier Science Publishers",
	year="1990",
        pages="995--1072"
	}

        @incollection{
Emerson92,
	author="E.A. Emerson",
	title="Real time and the $\mu$-calculus",
        booktitle="Real Time: Theory in Practice",
        editor="de Bakker, J.W. and K. Huizing and de Roever, W.-P. and 
        	G. Rozenberg",
        series="Lecture Notes in Computer Science 600",
        publisher="Springer-Verlag",
        year="1992",
	pages="176--194"
        }

        @incollection{
EmersonClarke80,
        author="E.A. Emerson and E.M. Clarke",
	title="Characterizing correctness properties of parallel 
        	programs as fixpoints",
        booktitle="ICALP 83: Automata, Languages, and Programming",
        series="Lecture Notes in Computer Science 85",
        publisher="Springer-Verlag",
        year="1980",
	pages="169--181"
        }

	@article{
EmersonClarke82,
        author="E.A. Emerson and E.M. Clarke",
	title="Using branching-time temporal logic to synthesize 
        	synchronization skeletons",
	journal="Science of Computer Programming",
        volume="2",
	number="3",
        year="1982",
	pages="241--266"
        }

	@article{
EmersonHalpern86,
	author="E.A. Emerson and J.Y. Halpern",
	title="{``Sometimes''} and {``Not never''} revisited: on 
		branching versus linear-time temporal logic",
	journal="Journal of the ACM",
        volume="33",
	number="1",
        year="1986",
	pages="151--178"
	}

	@inproceedings{
EmersonJutla88,
        author="E.A. Emerson and C. Jutla",
        title="The complexity of tree automata and logics of programs",
	booktitle="Proceedings of the 29th Annual Symposium on 
        	Foundations of Computer	Science",
	publisher="IEEE Computer Society Press",
        year="1988",
	pages="328--337"
	}

	@inproceedings{
EmersonLei86,
        author="E.A. Emerson and C. Lei",
	title="Efficient model checking in fragments of the propositional
        	$\mu$-calculus",
	booktitle="Proceedings of the First Annual Symposium on 
        	Logic in Computer Science",
	publisher="IEEE Computer Society Press",
        year="1986",
	pages="267--278"
	}

	@incollection{
EmersonNamjoshi98,
	author="E.A. Emerson and K.S. Namjoshi",
	title="Verification of a parameterized bus arbitration protocol",
	booktitle="CAV 98: Computer Aided Verification",
	editor="A.J. Hu and M.Y. Vardi",
	series="Lecture Notes in Computer Science 1427",
	publisher="Springer-Verlag",
	year="1998",
	pages="452--463"
	}

	@incollection{
EMSS90,
	author="E.A. Emerson and A.K. Mok and A.P. Sistla and J. Srinivasan",
 	title="Quantitative temporal reasoning",
	booktitle="CAV 90: Computer Aided Verification",
	editor="R.P. Kurshan and E.M. Clarke",
	series="Lecture Notes in Computer Science 531",
	publisher="Springer-Verlag",
	year="1990",
	pages="136--145"
	}

	@incollection{
EmersonSistla93,
	author="E.A. Emerson and A.P. Sistla",
	title="Symmetry and model checking",
	booktitle="CAV 93: Computer Aided Verification",
	editor="C. Courcoubetis",
	series="Lecture Notes in Computer Science 697",
	publisher="Springer-Verlag",
	year="1993",
	pages="463--478"
	}

        @book{
Enderton72,
	author="H.B. Enderton",
	title="A Mathematical Introduction to Logic",
  	publisher="Academic Press", 
	year="1972"
	}

	@article{
FMJJ92,
	author="Fernandez, J.-C. and L. Mounier and C. Jard and T. Jeron",
	title="On-the-fly verification of finite transition systems",
	journal="Formal Methods in System Design",
	volume="1",
	year="1992",
	pages="251--273"
	}

	@article{
FerranteRackoff75,
	author="J. Ferrante and C. Rackoff",
	title="A decision procedure for the first-order theory of real
		addition with order",
	journal="SIAM Journal on Computing",
	volume="4",
	number="1",
	year="1975",
	pages="69--76"
	}

	@book{
Fitting83,
        author="M. Fitting",
	title="Proof Methods for Modal and Intuitionistic Logics",
	publisher="D. Reidel Publishing Company",
        year="1983"
        }

	@book{
Francez92,
	author="N. Francez",
	title="Program Verification",
	publisher="Addison-Wesley Publishing Company",
	year="1992"
	}

	@book{
Francez86,
	author="N. Francez",
	title="Fairness",
	publisher="Springer-Verlag",
	year="1986"
	}

	@inproceedings{
GPSS80,
        author="D. Gabbay and A. Pnueli and S. Shelah and J. Stavi",
	title="On the temporal analysis of fairness",
	booktitle="Proceedings of the Seventh Annual Symposium on
		Principles of Programming Languages",
	publisher="ACM Press",
        year="1980",
	pages="163--173"
	}

	@article{
GabrielianFranklin91,
	author="A. Gabrielian and M.K. Franklin",
	title="Multi-level specification and verification of real-time 
		software",
	journal="Communications of the ACM",
	volume="34",
	number="5",
	year="1991",
	pages="50--60"
	}

	@incollection{
Garson84,
	author="J.W. Garson",
	title="Quantification in modal logic",
  	booktitle="Handbook of Philosophical Logic", 
	volume="II",
	editor="D. Gabbay and F. Guenthner", 	
  	publisher="D. Reidel Publishing Company",
	year="1984",
	pages="249--307"
	}

	@techreport{
GBD94,
	author="A. Geist and A. Beguelin and J. Dongarra and W. Jiang and 
		R. Manchek and V. Sunderam",
	title="{PVM~3} User's Guide and Reference Manual",
	institution="Oak Ridge National Laboratory",
	number="12187",
	address="Oak Ridge, Tennessee",
	year="1994"
	}

	@inproceedings{
GerberLee89,
	author="R. Gerber and I. Lee",
  	title="{Communicating Shared Resources}: a model for distributed
		real-time systems",
	booktitle="Proceedings of the Tenth Annual Real-time Systems 
		Symposium",
	publisher="IEEE Computer Society Press",
	year="1989",
	pages="68--78"
	}	

	@inproceedings{
GMG91,
	author="P.B. Gibbons and M. Merritt and K. Gharachorloo",
	title="Proving sequential consistency of high-performance
shared memories",
        booktitle="Proceedings of the 3rd Annual ACM Symposium on Parallel
Algorithms and Architectures",
	year=1991,
	pages="292--303"
	}	   

	@book{
Godefroid96,
	author = "P. Godefroid",
	title = "Partial-Order Methods for the Verification of Concurrent Systems: An Approach to the State-Explosion Problem",
	series = "Lecture Notes in Computer Science",
	volume = 1032,
	publisher = {Springer-Verlag},
        year  = 1996
}

	@inproceedings{
GodefroidWolper91,
        author="P. Godefroid and P. Wolper",
	title="A partial approach to model checking",
	booktitle="Proceedings of the Sixth Annual Symposium on 
        	Logic in Computer Science",
	publisher="IEEE Computer Society Press",
        year="1991",
	pages="406--415"
	}

	@article{
GodefroidWolper94,
	author = "P. Godefroid and P. Wolper",
	title = "A partial approach to model checking",
	journal = "Information and Computation",
	volume = 110,
	number = 2,
	pages = {305-326},
	year = 1994
}

	@book{
Goldblatt87,
	author="R. Goldblatt",
	title="Logics of Time and Computation",
  	series="CSLI Lecture Notes 7",
	publisher="Center for the Study of Language and Information",
	address="Stanford, California",
	year="1987"
	}

	@incollection{
Graf94,
        author="S. Graf",
	title="Verification of a distributed cache memory by using 
		abstractions",
	booktitle="CAV 94: Computer Aided Verification",
	editor="D.L. Dill",
	series="Lecture Notes in Computer Science 818",
	publisher="Springer-Verlag",
        year="1994",
	pages="207--219"
        }

	@incollection{
GrafSaidi97,
        author="S. Graf and H. Saidi",
	title="Construction of abstract state graphs with {PVS}",
	booktitle="CAV 97: Computer Aided Verification",
	editor="O. Grumberg",
	series="Lecture Notes in Computer Science 1254",
	publisher="Springer-Verlag",
        year="1997",
	pages="72--83"
        }
	
	@book{
GKP89,
	title="Concrete Mathematics: A Foundation for Computer Science",
	author="R.L. Graham and D.E. Knuth and O. Patashnik",
	publisher="Addison-Wesley Publishing Company",
	year="1989"
	}

 	@book{
Gries81,
	author="D. Gries",
	title="The Science of Programming",
	publisher="Springer-Verlag",
	year="1981"
	}

	@article{
GrumbergLong94,
	author="O. Grumberg and D.E. Long",
	title="Model checking and modular verification",
	journal="ACM Transactions on Programming Languages and Systems",
	volume="16",
	number="3",
	year="1994",
	pages="843--871"
	}

	@incollection{
GSSL94,
	author="R. Gawlick and R. Segala and J.F. Sogaard-Andersen and 
		N.A. Lynch",
	title="Liveness in timed and untimed systems",
        booktitle="ICALP 94: Automata, Languages, and Programming",
        editor="S. Abiteboul and E. Shamir",
        series="Lecture Notes in Computer Science 820",
        publisher="Springer-Verlag",
	year="1994",
	pages="166--177"
	}

	@inproceedings{
GurevichHarrington82,
	author="Y. Gurevich and L. Harrington",
	title="Trees, automata, and games",
	booktitle="Proceedings of the 14th Annual Symposium on
		Theory of Computing",
	publisher="ACM Press",
	year="1982",
	pages="60--65"
	}

	@article{
Haase81,
        author="V.H. Haase",
	title="Real-time behavior of programs",
	journal="IEEE Transactions on Software Engineering",
        volume="SE-7",
	number="5",
        year="1981",
	pages="494--501"
        }
	
	@book{
Halbwachs93book,
	author="N. Halbwachs",
	title="Synchronous Programming of Reactive Systems",
	publisher="Kluwer Academic Publishers",
  	year="1993"	
	}

	@incollection{
Halbwachs93cav,
	author="N. Halbwachs",
	title="Delay analysis in synchronous programs",
	booktitle="CAV 93: Computer Aided Verification",
	editor="C. Courcoubetis",
	series="Lecture Notes in Computer Science 697",
	publisher="Springer-Verlag",
	year="1993",
	pages="333--346"
	}

	@incollection{
HHK96,
	author="R.H. Hardin and Z. Har'El and R.P. Kurshan",
	title="{COSPAN}",
	booktitle="CAV 96: Computer Aided Verification",
	editor="R. Alur and T.A. Henzinger",
	series="Lecture Notes in Computer Science 1102",
	publisher="Springer-Verlag",
        year="1996",
	pages="423-427"
	}


	@inproceedings{
HRP94,
	author="N. Halbwachs and P. Raymond and Y.-E. Proy",
	title="Verification of linear hybrid systems by means of convex 
		approximation",
	booktitle="SAS 94: Static Analysis Symposium",
	editor="B. {LeCharlier}",
	series="Lecture Notes in Computer Science 864",
	publisher="Springer-Verlag",
	year="1994",
	pages="223--237"
	}

	@inproceedings{
HRP94,
	author="N. Halbwachs and P. Raymond and Y.-E. Proy",
	title="Verification of linear hybrid systems by means of convex 
		approximation",
	booktitle="SAS 94: Static Analysis Symposium",
	editor="B. {LeCharlier}",
	series="Lecture Notes in Computer Science 864",
	publisher="Springer-Verlag",
	year="1994",
	pages="223--237"
	}

	@incollection{
Halpern87,
        author="J.Y. Halpern",
	title="Using reasoning about knowledge to analyze distributed
		systems",
	booktitle="Annual Review of Computer Science",
	volume="II",
	editor="J.F. Traub and B.J. Grosz and B.W. Lampson and N.J. Nilsson",
	publisher="Annual Reviews",
	year="1987",
	pages="37--68"
	}

	@article{
Halpern91,
        author="J.Y. Halpern",
	title="Presburger arithmetic with unary predicates is 
        	{$\Pi^1_1$}-complete",
	journal="The Journal of Symbolic Logic",
        volume="56",
	number="2",
        year="1991",
	pages="637--642"
        }

	@inproceedings{
HalpernZuck87,
        author="J.Y. Halpern and L.D. Zuck",
	title="A little knowledge goes a long way: simple knowledge-based
 		derivations and correctness proofs for a family of 
		protocols",
	booktitle="Proceedings of the Sixth Annual Symposium on 
        	Principles of Distributed Computing",
	publisher="ACM Press",
        year="1987",
	pages="269--280"
	}

	@incollection{
Harel84,
	author="D. Harel",
	title="Dynamic Logic",
  	booktitle="Handbook of Philosophical Logic", 
	volume="II",
	editor="D. Gabbay and F. Guenthner", 	
  	publisher="D. Reidel Publishing Company",
	year="1984",
	pages="497--604"
	}


	@article{
Harel87,
	author="D. Harel",
	title="Statecharts: a visual formalism for complex systems",
	journal="Science of Computer Programming",
	volume="8",
	year="1987",
	pages="231--274"
	}

	@mastersthesis{
Harel88,
	author="E. Harel",
	title="Temporal Analysis of Real-time Systems",
        school="The Weizmann Institute of Science", 
	address="Rehovot, Israel",
        year="1988"
	}

	@inproceedings{
HLP90,
        author="E. Harel and O. Lichtenstein and A. Pnueli",
	title="Explicit-clock temporal logic",
	booktitle="Proceedings of the Fifth Annual Symposium on 
     		Logic in Computer Science",
	publisher="IEEE Computer Society Press",
        year="1990",
	pages="402--413"
	}


        @techreport{
HLQR99Rep,
        author="T. A. Henzinger and X. Liu and S. Qadeer and S. K. Rajamani",
        title="Formal Specification and Verification of a Dataflow Processor Array",
	institution="Electronics Research Laboratory, University of California, Berkeley",
        number="M99/14",
        year="1999"
        }


        @unpublished{
HLQR99,
        author="T. A. Henzinger and X. Liu and S. Qadeer and S. K. Rajamani",
        title="Formal Specification and Verification of a Dataflow Processor Array",
        note="Submitted to the Design Automation Conference",
        year="1999"
        }

	@article{
HPS83,
        author="D. Harel and A. Pnueli and J. Stavi",
	title="Propositional dynamic logic of regular programs",
	journal="Journal of Computer and System Sciences", 
        volume="26",
	number="2",
        year="1983",
	pages="222--243"
        }

	@inproceedings{
HJL93,
	author="C.L. Heitmeyer and R.D. Jeffords and B.G. Labaw",
	title="A benchmark for comparing different approaches for specifying
		and verifying real-time systems",
	booktitle="Proceedings of the Tenth International Workshop on 
		Real-time Operating Systems and Software",
	year="1993"
	}

	@article{
Henkin49,
        author="L. Henkin",
	title="The completeness of the first-order functional calculus",
	journal="The Journal of Symbolic Logic",
        volume="14",
	number="3",
        year="1949",
        pages="159--166"
        }

	@book{
Hennessy88,
	author="M.C.B. Hennessy",
	title="Algbraic Theory of Processes",
	publisher="The MIT Press",
	year="1994"
	}

	@article{
HennessyMilner85,
	author="M.C.B. Hennessy and R. Milner",
	title="Algebraic laws for nondeterminism and concurrency",
	journal="Journal of the ACM",
	volume="32",
	number="1",
	year="1985",
	pages="137--161"
	}

	@article{
HerlihyWing90,
        author={M.P. Herlihy and J.M. Wing},
        title="Linearizability: A correctness condition for concurrent objects",
        journal="ACM Transactions on Programming Languages and Systems",
        volume={12},
        number=3,
        year=1990,
        pages={463--492}
	}

	@book{
HirschSmale74,
	author="M.W. Hirsch and S. Smale",
	title="Differential Equations, Dynamical Systems, and Linear Algebra",
	publisher="Academic Press",
	year="1974"
	}

        @incollection{
HKQ98,
        author = {T.A. Henzinger and O. Kupferman and S. Qadeer},
        title = "From pre-historic to post-modern symbolic model checking",
        booktitle="CAV 98: Computer Aided Verification",
        editor="A. Hu and M. Vardi",
        series="Lecture Notes in Computer Science",
        publisher="Springer-Verlag",
        year="1998",
        pages="195--206"
        }

	@incollection{
HQR98,
	author = {T.A. Henzinger and S. Qadeer and S.K. Rajamani}, 
	title = "You assume, we guarantee: methodology and case studies",
	booktitle="CAV 98: Computer Aided Verification",
	editor="A. Hu and M. Vardi",
	series="Lecture Notes in Computer Science",
	publisher="Springer-Verlag",
        year="1998",
	pages="440--451"
	}

        @incollection{
HQRT98,
        author= {T.A. Henzinger and S. Qadeer and S.K. Rajamani and S. Tasiran},
        title="An assume-guarantee rule for checking simulation",
        booktitle="FMCAD 98: Formal Methods in Computer-Aided Design",
        editor="G. Gopalakrishnan and P. Windley",
        series="Lecture Notes in Computer Science 1522",
        publisher="Springer-Verlag",
        year="1998",
        pages="421--432"
        }

	@incollection{
HQR99,
	author = {T.A. Henzinger and S. Qadeer and S.K. Rajamani}, 
	title = "Assume guarantee refinement between different time scales",
	booktitle = "CAV 99: Computer Aided Verification (to appear)",
	publisher = "Springer-Verlag",
	year = 1999
	}


	@inproceedings{
HKR97,
        author      =   {T.A. Henzinger and O. Kupferman and S. K. Rajamani},
        title       =   "Fair simulation",
        booktitle   =   "CONCUR 97: Theories of Concurrency",
        series      =   "Lecture Notes in Computer Science 1243",
        publisher   =   "Springer-Verlag",
        month       =   "July",
        year        =   "1997",
	pages       =   "273--287"
}

	@incollection{
HMP92,
	author="T.A. Henzinger and Z. Manna and A. Pnueli",
	title="{What good are digital clocks?}",
	booktitle="ICALP '92: 19th International Colloquium on
	   Automata, Languages, and Programming", 
	series="Lecture Notes in Computer Science 623",
	publisher="Springer-Verlag",
        year="1992",
	pages="545-558"
	}

	@book{
HennessyPatterson96,
        author = "J.L. Hennessy and D.A. Patterson",
        title = "{Computer Architecture: A Quantitative Approach}",
        publisher = {Morgan-Kaufmann},
        year = "1996"
	}

	@article{
Hill98,
	author="M.D. Hill",
	title="Multiprocessors should support simple memory
consistency models",
	journal="IEEE Computer",
	volume=31,
	number=8,
	year=1998,
	pages="28--34"
	}

	@article{
Hoare78,
        author="C.A.R. Hoare",
	title="Communicating sequential processes",
	journal="Communications of the ACM",
	volume="21",
	number="8",
	year="1978",
	pages="666--677"
	}

	@book{
Hoare85,
        author="C.A.R. Hoare",
	title="Communicating Sequential Processes",
	publisher="Prentice-Hall",
        year="1985"
        }

	@inproceedings{
HoffmannWongToi92,
	author="G. Hoffmann and {Wong-Toi}, H.",
  	title="The input-output control of real-time discrete-event systems",
	booktitle="Proceedings of the 13th Annual Real-time Systems 
		Symposium",
	publisher="IEEE Computer Society Press",
	year="1992",
	pages="256--265"
	}	

	@incollection{
HLW91,
	author="U. Holmer and K.G. Larsen and W. Yi",
	title="Deciding properties of regular real timed processes",
	booktitle="CAV 91: Computer Aided Verification",
	editor="K.G. Larsen and A. Skou",
	series="Lecture Notes in Computer Science 575",
	publisher="Springer-Verlag",
	year="1991",
	pages="443--453"
	}

	@book{
Holzmann91,
	author="G.J. Holzmann",
	title="Design and Validation of Computer Protocols",
	publisher="Prentice-Hall",
	year="1991"
	}

	@inproceedings{
HolzmannPeled94,
        title = "An improvement in formal verification",
        author = "G.J. Holzmann and D.A. Peled",
        booktitle = "{Proc. of the 7th International Conference on Formal Description Techniques}",
        publisher = {Chapman \& Hall},
        pages = {197-211},
        year = 1994
}

	@incollection{
HolzmanPeled96,
	author = "G.J. Holzmann and D.A. Peled",
	title = "{The State of SPIN}",
	booktitle="CAV 96: Computer Aided Verification",
	editor="R. Alur and T.A. Henzinger",
	series="Lecture Notes in Computer Science 1102",
	publisher="Springer-Verlag",
        year="1996",
	pages="385-389"
	}

	@phdthesis{
Hooman91,
	author="J. Hooman",
	title="Specification and Compositional Verification of Real-time
		Systems",
        school="Technische Universiteit Eindhoven",
	address="The Netherlands",
        year="1991"
	}

        @incollection{
Hooman92,
	author="J. Hooman",
 	title="Compositional verification of real-time systems using 
		extended {Hoare} triples",
	booktitle="Real Time: Theory in Practice",
        editor="de Bakker, J.W. and K. Huizing and de Roever, W.-P. and 
        	G. Rozenberg",
        series="Lecture Notes in Computer Science 600",
        publisher="Springer-Verlag",
        year="1992",
	pages="252--290"
        }

	@incollection{
HoomanWidom89,
        author="J. Hooman and J. Widom",
	title="A temporal-logic-based compositional proof system for
		real-time message passing",
	booktitle="PARLE 89: Parallel Architectures and Languages Europe",
	editor="E. Odijk and M. Rem and J.-C. Syre",
	series="vol.~II, Lecture Notes in Computer Science 366",
	publisher="Springer-Verlag",
        year="1989",
	pages="424--441"
	}

	@book{
HopcroftUllman79,
        author="J.E. Hopcroft and J.D. Ullman",
	title="Introduction to Automata Theory, Languages, and Computation",
	publisher="Addison-Wesley Publishing Company",
        year="1979"
        }

	@incollection{
Hungar93,
	author="H. Hungar",
	title="Combining model checking and theorem proving to verify 
		parallel processes",
	booktitle="CAV 93: Computer Aided Verification",
	editor="C. Courcoubetis",
	series="Lecture Notes in Computer Science 697",
	publisher="Springer-Verlag",
	year="1993",
	pages="154--165"
	}

	@article{
IpDill96,
	author="C. N. Ip and D. L. Dill",
	title="Better Verification through Symmetry",
	journal="Formal Methods in System Design",
	volume="9",
	number="1--2",
	pages="41--75",
	year="1996"
}

	@article{
JahanianMok86,
        author="F. Jahanian and A.K. Mok",
	title="Safety analysis of timing properties in real-time systems",
	journal="IEEE Transactions on Software Engineering",
        volume="SE-12",
	number="9",
        year="1986",
	pages="890--904"
        }

	@article{
JahanianMok87,
	author="F. Jahanian and A.K. Mok",
	title="A graph-theoretic approach for timing analysis and its 
        	implementation",
	journal="IEEE Transactions on Computers",
	volume="C-36",
	number="8",
	year="1987",
	pages="961--975"
	}

	@inproceedings{
JahanianStuart88,
        author="F. Jahanian and D.A. Stuart",
	title="A method for verifying properties of {M}odechart
		specifications",
	booktitle="Proceedings of the Ninth Annual Real-time Systems 
		Symposium",
	publisher="IEEE Computer Society Press",
        year="1988",
	pages="12--21"
	}

	@phdthesis{
Jayasimha88,
	author="D.N. Jayasimha",
	title="Communication and Synchronization in Parallel Computation",
        school="University of Illinois at Urbana-Champaign",
        year="1988"
	}

	@incollection{
Jonsson91,
        author="B. Jonsson",
	title="Simulations between specifications of distributed systems",
	booktitle="CONCUR 91: Theories of Concurrency",
	editor="J.C.M. Baeten and J.F. Groote",
	series="Lecture Notes in Computer Science 527",
	publisher="Springer-Verlag",
        year="1991",
	pages="346--360"
	}

	@inproceedings{
JBJ95,
	author="S. Jain and R.E. Bryant and A. Jain",
	title="Automatic clock abstraction from sequential circuits",
	booktitle="Proceedings of the 32nd Design Automation Conference",
	year="1995",
	pages="707--711"
	}

	@inproceedings{
Kahn74,
        author="G. Kahn",
	title="The semantics of a simple language for parallel programming",
	booktitle="Information Processing 74: Proceedings of the Sixth 
        	IFIP World Computer Congress",
	editor="J.L. Rosenfeld",
	publisher="Elsevier Science Publishers",
        year="1974",
	pages="471--475"
	}

	@phdthesis{
Kamp68,
	author="J.A.W. Kamp",
	title="Tense Logic and the Theory of Linear Order",
        school="University of California at Los Angeles",
        year="1968"
	}

	@article{
KanellakisSmolka90,
	author="P.C. Kanellakis and S.A. Smolka",
        title="{CCS} expressions, finite-state processes, and three problems 
  		of equivalence",
	journal="Information and Computation",
        volume="86",
        year="1990",
	pages="43--68"
        }

	@article{
Keller76,
        author="R.M. Keller",
	title="Formal verification of parallel programs",
	journal="Communications of the ACM",
        volume="19",
	number="7",
        year="1976",
	pages="371--384"
        }

	@book{
Kelley55,
        author="J.L. Kelley",
	title="General Topology",
	publisher="Springer-Verlag",
        year="1955"
        }

	@incollection{
KPSY93,
	author="Y. Kesten and A. Pnueli and J. Sifakis and S. Yovine",
	title="Integration graphs: a class of decidable hybrid systems",
	booktitle="Hybrid Systems",
	editor="R.L. Grossman and A. Nerode and A.P. Ravn and H. Rischel",
	series="Lecture Notes in Computer Science 736",
	publisher="Springer-Verlag",
        year="1993",
	pages="179--208"
	}

	@article{
Koymans90,
        author="R. Koymans",
	title="Specifying real-time properties with metric temporal logic",
	journal="Real-time Systems",
        volume="2",
	number="4",
        year="1990",
	pages="255--299"
        }

	@incollection{
KoymansDeRoever85,
        author="R. Koymans and de Roever, W.-P.",
	title="Examples of a real-time temporal specification",
	booktitle="The Analysis of Concurrent Systems",
	editor="B.D. Denvir and W.T. Harwood and M.I. Jackson and M.J. Wray",
	series="Lecture Notes in Computer Science 207",
	publisher="Springer-Verlag",
        year="1985",
	pages="231--252"
	}

	@article{
KSdR88,
        author="R. Koymans and R.K. Shyamasundar and de Roever, W.-P. and 
      		R. Gerth and S. Arun-Kumar",
	title="Compositional semantics for real-time distributed computing",
	journal="Information and Computation",
        volume="79",
	number="3",
        year="1988",
	pages="210--256"
        }

	@inproceedings{
KVdR83,
        author="R. Koymans and J. Vytopil and de Roever, W.-P.",
	title="Real-time programming and asynchronous message passing",
	booktitle="Proceedings of the Second Annual Symposium on
		Principles of Distributed Computing",
	publisher="ACM Press",
        year="1983",
	pages="187--197"
	}

	@article{
Kozen83,
        author="D. Kozen",
	title="Results on the propositional $\mu$-calculus",
	journal="Theoretical Computer Science",
	volume="27",
	number="3",
        year="1983",
	pages="333--354"
	}

	@phdthesis{
Kupferman95,
	author="O. Kupferman",
	title="Model Checking for Branching-time Temporal Logics",
        school="The Technion",
        year="1995"
	}

	@article{
Kurshan87,
	author = {R.P. Kurshan},
	title = "{Complementing Deterministic B\"{u}chi Automata in Polynomial Time}",
	journal = "Journal of Computer and System Sciences",
	volume = 35,
	year = 1987,
	pages = "59--71"
}

	@incollection{
Kurshan90,
	author="R.P. Kurshan",
	title="Analysis of discrete-event coordination",
        series="Lecture Notes in Computer Science 430",
        publisher="Springer-Verlag",
        year="1990",
	pages="414--453"
	}

        @book{
Kurshan94,
	author="R.P. Kurshan",
	title="Computer-aided Verification of Coordinating Processes",
	publisher="Princeton University Press",
	year="1994"
	}
		
	@incollection{
KurshanLamport93,
	author="R.P. Kurshan and L. Lamport",
	title="Verification of a multiplier: 64 bits and beyond",
	booktitle="CAV 93: Computer Aided Verification",
	editor="C. Courcoubetis",
	series="Lecture Notes in Computer Science 697",
	publisher="Springer-Verlag",
	year="1993",
	pages="166--179"
	}

	@inproceedings{
KurshanMcMillan89,
	author="R.P. Kurshan and K.L. McMillan",
	title="A structural induction theorem for processes",
	booktitle="Proceedings of the 8th Annual Symposium on 
        	Principles of Distributed Computing",
        year="1989",
	pages="239--247"
	}

	@incollection{
KMOS95,
        author="R.P. Kurshan and M. Merritt and A. Orda and S.R. Sachs",
	title="Modeling asynchrony with a synchronous model",
	booktitle="CAV 95: Computer Aided Verification",
	editor="P. Wolper",
	series="Lecture Notes in Computer Science 939",
	publisher="Springer-Verlag",
        year="1995",
	pages="339--352"
	}

	@article{
KSL95,
	author="A. Kuehlmann and A. Srinivasan and D.P. LaPotin",
	title="Verity - A formal verification program for custom {CMOS} circuits",
	journal="IBM Journal on Research and Development",
	volume=39,
	number="1-2",
	year="1995",
	pages="149--165"
	}

	@article{
Lamport79,
	author="L. Lamport",
	title="How to make a multiprocessor computer that correctly
executes multiprocess programs",
	 journal="IEEE Transactions on Computers",
	 volume="C-28",
	 number=9,
	 year=1979,
	 pages="690--691"
	 }

	@article{
Lamport77,
        author="L. Lamport",
	title="Proving the correctness of multiprocess programs",
	journal="IEEE Transactions on Software Engineering",
        volume="SE-3",
	number="2",
        year="1977",
	pages="125--143"
        }

	@inproceedings{
Lamport83ifip,
        author="L. Lamport",
	title="What good is temporal logic?",
	booktitle="Information Processing 83: Proceedings of the Ninth 
        	IFIP World Computer Congress",
	editor="R.E.A. Mason",
	publisher="Elsevier Science Publishers",
        year="1983",
	pages="657--668"
	}

	@article{
Lamport83toplas,
        author="L. Lamport",
	title="Specifying concurrent program modules",
	journal="ACM Transactions on Programming Languages and Systems",
        volume="5",
	number="2",
        year="1983",
	pages="190--222"
        }

	@article{
Lamport87,
	author="L. Lamport",
	title="A fast mutual exclusion algorithm",
	journal="ACM Transactions on Computer Systems",
	volume="5",
	number="1",
	year="1987",
	pages="1--11"
	}

	@article{
Lamport94,
	author="L. Lamport",
	title="The {T}emporal {L}ogic of {A}ctions",
	journal="ACM Transactions on Programming Languages and Systems",
        volume="16",
	number="3",
        year="1994",
	pages="872--923"
	}

	@inproceedings{
LPY95,
	author="K.G. Larsen and P. Pettersson and W. Yi",
	title="Compositional and symbolic model checking of real-time
		systems",
	booktitle="Proceedings of the 16th Annual Real-time Systems 
		Symposium",
	publisher="IEEE Computer Society Press",
        year="1995",
	pages="76--87"
	}

	@inproceedings{
LeeYannakakis92,
	author="D. Lee and M. Yannakakis",
	title="Online minimization of transition systems",
	booktitle="Proceedings of the 24th Annual Symposium on
		Theory of Computing",
	publisher="ACM Press",
	year="1992",
	pages="264--274"
	}

        @inproceedings{
LeeDavidson92,
        author="I. Lee and S. Davidson",
        title="An overview of an integrated toolset under development for
		the {CSR} paradigm",
	booktitle="Proceedings of the Workshop on Responsive Computer
		Systems",
	year="1992"
	}

	@techreport{
LLOR96,
	author="P. Ladkin and L. Lamport and B. Olivier and D. Roegel",
	title="Lazy caching in {TLA}",
	institution="Digital Equipment Corporation Systems Research Center, Palo Alto, CA",
	year=1996
	}

	@incollection{
LPS82,
        author="D. Lehman and A. Pnueli and J. Stavi",
	title="Impartiality, justice, and fairness: the ethics of concurrent 
		termination",
        booktitle="ICALP 82: Automata, Languages, and Programming",
        series="Lecture Notes in Computer Science 115",
        publisher="Springer-Verlag",
        year="1982",
	pages="264--277"
	}

	@article{
Lemmon66,
        author="E.J. Lemmon",
	title="Algebraic semantics for modal logics",
	journal="The Journal of Symbolic Logic",
        volume="31",
	number="2",
        year="1966",
        pages="191--218"
        }

	@incollection{
LevesonStolzy85,
	author="N. Leveson and J. Stolzy",
	title="Analyzing safety and fault tolerance using timed {P}etri Nets",
	booktitle="Proceedings of International Joint Conference on Theory 
		and Practice of Software Development",
	series="Lecture Notes in Computer Science 186",
        publisher="Springer-Verlag",
	year="1985",
	pages="339--355"
	}

	@inproceedings{
Lewis90,
        author="H.R. Lewis",
	title="A logic of concrete time intervals",
	booktitle="Proceedings of the Fifth Annual Symposium on 
        	Logic in Computer Science",
	publisher="IEEE Computer Society Press",
        year="1990",
	pages="380--389"
	}

	@inproceedings{
LichtensteinPnueli85,
        author="O. Lichtenstein and A. Pnueli",
	title="Checking that finite-state concurrent programs satisfy 
	        their linear specification",
	booktitle="Proceedings of the 12th Annual Symposium on
		Principles of Programming Languages",
	publisher="ACM Press",
        year="1985",
	pages="97--107"
	}

	@article{
LoewensteinDill92,
	author="P. Loewenstein and D.L. Dill",
	title="Verification of a multiprocessor cache protocol using
simulation relations and higher-order logic",
	journal="Formal Methods in System Design",
	volume=1,
	number=4,
	year=1992,
	pages="355--383"
	}

	@incollection{
LPZ85,
        author="O. Lichtenstein and A. Pnueli and L.D. Zuck",
	title="The glory of the past",
	booktitle="Logics of Programs",
	editor="R. Parikh",
	series="Lecture Notes in Computer Science 193",
	publisher="Springer-Verlag",
        year="1985",
	pages="196--218"
	}

	@book{
Lynch96,
        author = {N.A. Lynch},
        title = "{Distributed Algorithms}",
        publisher = {Morgan-Kaufmann},
        year = "1996"
	}

	@inproceedings{
LynchAttiya90,
        author="N.A. Lynch and H. Attiya",
	title="Using mappings to prove timing properties",
	booktitle="Proceedings of the Ninth Annual Symposium on 
        	Principles of Distributed Computing",
	publisher="ACM Press",
        year="1990",
	pages="265--280"
	}

	@incollection{
LSVW96,
	author="N.A. Lynch and R. Segala and F. Vaandrager and H.B. Weinberg",
	title="Hybrid {I/O} {A}utomata",
	booktitle="Hybrid Systems III",
	editor="R. Alur and T.A. Henzinger and E.D. Sontag",
	series="Lecture Notes in Computer Science 1066",
	publisher="Springer-Verlag",
        year="1996",
        pages="496--510"
	}

	@inproceedings{
LynchTuttle87,
        author="N.A. Lynch and M.R. Tuttle",
	title="Hierarchical correctness proofs for distributed algorithms",
	booktitle="Proceedings of the 6th Annual Symposium on 
        	Principles of Distributed Computing",
	publisher="ACM Press",
        year="1987",
	pages="137--151"
	}

        @incollection{
LynchVaandrager92rex,
	author="N.A. Lynch and F. Vaandrager",
 	title="Forward and backward simulations for timing-based systems",
	booktitle="Real Time: Theory in Practice",
        editor="de Bakker, J.W. and K. Huizing and de Roever, W.-P. and 
        	G. Rozenberg",
        series="Lecture Notes in Computer Science 600",
        publisher="Springer-Verlag",
        year="1992",
	pages="397--446"
        }

	@incollection{
LynchVaandrager92concur,
	author="N.A. Lynch and F. Vaandrager",
	title="Action transducers and timed automata",
	booktitle="CONCUR 92: Theories of Concurrency",
	editor="R.J. Cleaveland",
	series="Lecture Notes in Computer Science 630",
	publisher="Springer-Verlag",
	year="1992",
	pages="436-455"
	}

	@article{
LynchVaandrager95,
        author="N.A. Lynch and F. Vaandrager",
        title="Forward and Backward Simulations, {P}art {I}: Untimed
                Systems",
	journal="Information and Computation",
	volume="121",
        number="2",
        year="1995",
	pages="214-233"
        }

	@article{
LynchVaandrager96,
        author="N.A. Lynch and F. Vaandrager",
        title="Forward and Backward Simulations, {P}art {II}: Timing-based
                Systems",
	journal="Information and Computation",
	volume="128",
        number="1",
        year="1996",
	pages="1--25"
        }

        @incollection{
MMP92,
	author="O. Maler and Z. Manna and A. Pnueli",
 	title="From timed to hybrid systems",
        booktitle="Real Time: Theory in Practice",
        editor="de Bakker, J.W. and K. Huizing and de Roever, W.-P. and 
        	G. Rozenberg",
        series="Lecture Notes in Computer Science 600",
        publisher="Springer-Verlag",
        year="1992",
	pages="447--484"
	}

	@incollection{
MalerPnueli93,
	author="O. Maler and A. Pnueli",
	title="Reachability analysis of planar multi-linear systems",
	booktitle="CAV 93: Computer Aided Verification",
	editor="C. Courcoubetis",
	series="Lecture Notes in Computer Science 697",
	publisher="Springer-Verlag",
	year="1993",
	pages="194--209"
	}

	@incollection{
MPS95,
	author="O. Maler and A. Pnueli and J. Sifakis",
	title="On the synthesis of discrete controllers for timed systems",
	booktitle="STACS 95: Theoretical Aspects of Computer Science",
	editor="E.W. Mayr and C. Puech",
	series="Lecture Notes in Computer Science 900",
	publisher="Springer-Verlag",
	year="1995",
	pages="229--242"
	}

	@incollection{
Manna94,
        author="Z. Manna",
	title="Beyond model checking",
	booktitle="CAV 94: Computer Aided Verification",
	editor="D.L. Dill",
	series="Lecture Notes in Computer Science 818",
	publisher="Springer-Verlag",
        year="1994",
	pages="220--221"
        }

	@inproceedings{
MKP96,
	author="Z. Manna and Y. Kesten and A. Pnueli",
	title="Verifying clocked transition systems",
	booktitle="Hybrid Systems III",
	editor="R. Alur and T.A. Henzinger and E.D. Sontag",
	series="Lecture Notes in Computer Science 1066",
	publisher="Springer-Verlag",
        year="1996",
        pages="13--40"
	}

	@inproceedings{
MannaPnueli83:popl,
        author="Z. Manna and A. Pnueli",
	title="How to cook a temporal proof system for your pet language",
	booktitle="Proceedings of the Tenth Annual Symposium on
		Principles of Programming Languages",
	publisher="ACM Press",
        year="1983",
	pages="141--154"
	}

	@incollection{
MannaPnueli83:icalp,
        author="Z. Manna and A. Pnueli",
	title="Proving precedence properties: the temporal way",
	booktitle="ICALP 83: Automata, Languages, and Programming",
	editor="J. Diaz",
	series="Lecture Notes in Computer Science 154",
	publisher="Springer-Verlag",
        year="1983",
	pages="491--512"
	}

	@article{
MannaPnueli84,
        author="Z. Manna and A. Pnueli",
	title="Adequate proof principles for invariance and liveness
		properties of concurrent programs",
	journal="Science of Computer Programming",
        volume="4",
	number="3",
        year="1984",
	pages="257--289"
        }

	@incollection{
MannaPnueli89:rex,
        author="Z. Manna and A. Pnueli",
	title="The anchored version of the temporal framework",
	booktitle="Linear Time, Branching Time, and Partial Order in Logics
		and Models for Concurrency",
        editor="de Bakker, J.W. and de Roever, W.-P. and G. Rozenberg",
	series="Lecture Notes in Computer Science 354",
	publisher="Springer-Verlag",
        year="1989",
	pages="201--284"
        }

	@incollection{
MannaPnueli89:icalp,
        author="Z. Manna and A. Pnueli",
	title="Completing the temporal picture",
	booktitle="ICALP 89: Automata, Languages, and Programming",
	editor="G. Ausiello and M. {Dezani-Ciancaglini} and 
		Ronchi Della Rocca, S.",
	series="Lecture Notes in Computer Science 372",
	publisher="Springer-Verlag",
        year="1989",
	pages="534--558"
	}

	@inproceedings{
MannaPnueli90,
        author="Z. Manna and A. Pnueli",
	title="A hierarchy of temporal properties",
	booktitle="Proceedings of the Ninth Annual Symposium on 
        	Principles of Distributed Computing",
	publisher="ACM Press",
        year="1990",
	pages="377--408"
	}

	@book{
MannaPnueli92,
        author="Z. Manna and A. Pnueli",
	title="The Temporal Logic of Reactive and Concurrent Systems:
 		Specification",
	publisher="Springer-Verlag",
        year="1992"
        }

	@incollection{
MannaPnueli93hybrid,
	author="Z. Manna and A. Pnueli",
	title="Verifying hybrid systems",
	booktitle="Hybrid Systems",
	editor="R.L. Grossman and A. Nerode and A.P. Ravn and H. Rischel",
	series="Lecture Notes in Computer Science 736",
	publisher="Springer-Verlag",
        year="1993",
	pages="4--35"
	}

	@article{
MannaPnueli93acta,
	author="Z. Manna and A. Pnueli",
	title="Models for reactivity",
	journal="Acta Informatica",
	volume="30",
	number="2",
        year="1993",
	pages="609--678"
	}

	@book{
MannaPnueli95,
        author="Z. Manna and A. Pnueli",
	title="Temporal Verification of Reactive Systems: Safety",
	publisher="Springer-Verlag",
        year="1995"
        }

	@article{
MannaWolper84,
        author="Z. Manna and P. Wolper",
	title="Synthesis of communicating processes from temporal-logic 
    		specifications",
	journal="ACM Transactions on Programming Languages and Systems",
        volume="6",
	number="1",
        year="1984",
	pages="68--93"
        }

	@incollection{
Mazurkiewicz89,
	author="A. Mazurkiewicz",
	title="Basic notions of trace theory",
	booktitle="Linear Time, Branching Time, and Partial Order in Logics
		and Models for Concurrency",
        editor="de Bakker, J.W. and de Roever, W.-P. and G. Rozenberg",
	series="Lecture Notes in Computer Science 354",
	publisher="Springer-Verlag",
        year="1989",
	pages="285--363"
	}

	@incollection{
McManisVaraiya94,
	author="J. McManis and P. Varaiya",
	title="Suspension automata: a decidable class of hybrid automata",
	booktitle="CAV 94: Computer Aided Verification",
	editor="D.L. Dill",
	series="Lecture Notes in Computer Science 818",
	publisher="Springer-Verlag",
	year="1994",
        pages="105--117"
	}

	@book{
McMillan93,
	author="K.L. McMillan",
	title="Symbolic Model Checking: An Approach to the State-Explosion 
		Problem",
	publisher="Kluwer Academic Publishers",
  	year="1993"	
	}

	@incollection{
McMillan94,
        author="K.L. McMillan",
	title="Hierarchical representations of discrete functions, with 
		application to model checking",
	booktitle="CAV 94: Computer-Aided Verification",
	editor="D.L. Dill",
	series="Lecture Notes in Computer Science 818",
	publisher="Springer-Verlag",
        year="1994",
	pages="41--54"
        }

	@incollection{
McMillan97,
        author="K.L. McMillan",
	title = "A compositional rule for hardware design refinement",
	booktitle="CAV 97: Computer-Aided Verification",
	editor="O. Grumberg",
	series="Lecture Notes in Computer Science 1254",
	publisher="Springer-Verlag",
        year="1997",
	pages="24--35"
	}


	@incollection{
McMillan98,
        author="K.L. McMillan",
        title       =  "Verification of an implementation of {T}omasulo's
	algorithm by compositional model checking",
	booktitle="CAV 98: Computer-Aided Verification",
	editor="A. Hu and M. Vardi",
	series="Lecture Notes in Computer Science",
	publisher="Springer-Verlag",
        year="1998"
	}

	@inproceedings{
McMillanSchwalbe91,
	author="K. L. McMillan and J. Schwalbe", 
	title="Formal verification of the {Encore Gigamax} cache
consistency protocol", 
	booktitle="Proceedings of the International Symposium on
Shared Memory Multiprocessors", 
        year=1991, 
	pages="242--251"
	}

	@article{
McNaughton66,
        author="R. McNaughton",
	title="Testing and generating infinite sequences by a finite 
		automaton",
	journal="Information and Control",
        volume="9",
	number="5",
        year="1966",
	pages="521--530"
        }

	@article{
McNaughton93,
        author="R. McNaughton",
	title="Infinite games played on finite graphs",
	journal="Annals of Pure and Applied Logic",
        volume="65",
        year="1993",
	pages="149--184"
        }

	@book{
McNaughtonPapert71,
        author="R. McNaughton and S. Papert",
	title="Counter-free Automata",
	publisher="The MIT Press",
	year="1971"
        }

	@incollection{
MelliarSmith89,
        author="{Melliar-Smith}, P.M.",
	title="Extending interval logic to real-time systems",
	booktitle="Temporal Logic in Specification",
	editor="B. Banieqbal and H. Barringer and A. Pnueli",
	series="Lecture Notes in Computer Science 398",
	publisher="Springer-Verlag",
        year="1989",
	pages="224--242"
	}

	@article{
MerlinFarber76,
        author="P.M. Merlin and D.J. Farber",
	title="Recoverability of communication protocols: implications of 
        	a theoretical study",
	journal="IEEE Transactions on Communications",
        volume="COM-24",
	number="9",
        year="1976",
	pages="1036--1043"
        }

	@incollection{
MMT91,
        author="M. Merritt and F. Modugno and M.R. Tuttle",
	title="Time-constrained automata",
	booktitle="CONCUR 91: Theories of Concurrency",
	editor="J.C.M. Baeten and J.F. Groote",
	series="Lecture Notes in Computer Science 527",
	publisher="Springer-Verlag",
        year="1991",
	pages="408--423"
	}

        @inproceedings{
Milner71,
        author="R. Milner",
        title="An algebraic definition of simulation between programs",
        booktitle="Proceedings of the 2nd International Joint Conference on Artificial 
		Intelligence",
        publisher="The British Computer Society",
        year="1971",
        pages="481--489"
        }

	@book{
Milner80,
        author="R. Milner",
	title="A Calculus of Communicating Systems",
	series="Lecture Notes in Computer Science 92",
	publisher="Springer-Verlag",
        year="1980"
        }

	@article{
Milner83,
        author="R. Milner",
	title="Calculi for synchrony and asynchrony",
	journal="Theoretical Computer Science",
	volume="25",
	number="3",
	year="1983",
	pages="267--310"
	}

	@book{
Milner89,
        author="R. Milner",
	title="Communication and Concurrency",
	publisher="Prentice-Hall",
        year="1989"
        }

	@incollection{
MollerTofts90,
        author="F. Moller and C. Tofts",
	title="A temporal calculus of communicating processes",
	booktitle="CONCUR 90: Theories of Concurrency",
	editor="J.C.M. Baeten and J.W. Klop",
	series="Lecture Notes in Computer Science 458",
	publisher="Springer-Verlag",
        year="1990", 
	pages="401--415"
	}

	@article{
Moszkowski85,
        author="B. Moszkowski",
	title="A temporal logic for multi-level reasoning about hardware",
	journal="IEEE Computer",
        volume="18",
	number="2",
        year="1985",
	pages="10--19"
        }

	@incollection{
NaikSistla94,
        author="V.G. Naik and A.P. Sistla",
	title="Modeling and verification of a real-life protocol using
		symbolic model checking",
	booktitle="CAV 94: Computer Aided Verification",
	editor="D.L. Dill",
	series="Lecture Notes in Computer Science 818",
	publisher="Springer-Verlag",
        year="1994",
	pages="194--206"
        }

	@inproceedings{
NarayanaAaby88,
        author="K.T. Narayana and A.A. Aaby",
	title="Specification of real-time systems in real-time temporal 
        	interval logic",
	booktitle="Proceedings of the Ninth Annual Real-time Systems 
		Symposium",
	publisher="IEEE Computer Society Press",
        year="1988",
	pages="86--95"
	}

	@inproceedings{
NassorVidalNaquet92,
	author="E. Nassor and {Vidal-Naquet}, G.",
	title="Suitability of the propositional temporal logic to
        	express properties of real-time systems",
	booktitle="TACS 92: Theoretical Aspects of Computer Science",
        series="Lecture Notes in Computer Science",
        publisher="Springer-Verlag",
	year="1992"
	}

	@book{
NemhauserWolsey,
	author="G.L. Nemhauser and L.A. Wolsey",
	title="Integer and Combinatorial Optimization",
	publisher="Wiley",
	year="1988"
	} 

	@incollection{
NerodeKohn93a,
        author="A. Nerode and W. Kohn",
        title="Multiple-agent hybrid control architecture",
	booktitle="Hybrid Systems",
	editor="R.L. Grossman and A. Nerode and A.P. Ravn and H. Rischel",
	series="Lecture Notes in Computer Science 736",
	publisher="Springer-Verlag",
        year="1993",
        pages="297--316"
	}

	@incollection{
NerodeKohn93b,
        author="A. Nerode and W. Kohn",
        title="Models for hybrid systems: automata, topologies, 
                controllability, observability",
	booktitle="Hybrid Systems",
	editor="R.L. Grossman and A. Nerode and A.P. Ravn and H. Rischel",
	series="Lecture Notes in Computer Science 736",
	publisher="Springer-Verlag",
        year="1993",
        pages="317--356"
	}

        @incollection{
NGMG98,
	author="R. Nalumasu and R. Ghughal and A. Mokkedem and G. Gopalakrishnan",
	title="The `test model-checking' approach to the verification
of formal memory models of multiprocessors",
	booktitle="CAV 98: Computer Aided Verification",
	editor="A.J. Hu and M.Y. Vardi",
	series="Lecture Notes in Computer Science 1427",
	publisher="Springer-Verlag",
	year="1998",
	pages="464--476"
        }

	@incollection{
NOSY93,
        author="X. Nicollin and A. Olivero and J. Sifakis and S. Yovine",
	title="An approach to the description and analysis of hybrid systems",
	booktitle="Hybrid Systems I",
	editor="R.L. Grossman and A. Nerode and A.P. Ravn and H. Rischel",
	series="Lecture Notes in Computer Science 736",
	publisher="Springer-Verlag",
        year="1993",
	pages="149--178"
        }

	@inproceedings{
NRSV90,
        author="X. Nicollin and J.-L. Richier and J. Sifakis and J. Voiron",
	title="{\sc {A}tp}: an algebra for timed processes",
	booktitle="Proceedings of the IFIP WG2.2/2.3 Working Conference on 
        	Programming Concepts and Methods",
	editor="M. Broy and C.B. Jones",
	publisher="Elsevier Science Publishers",
        year="1990",
	pages="415--442"
	}

        @incollection{
NicollinSifakis91,
	author="X. Nicollin and J. Sifakis",
	title="An overview and synthesis on timed process algebras",
	booktitle="CAV 91: Computer Aided Verification",
	editor="K.G. Larsen and A. Skou",
	series="Lecture Notes in Computer Science 575",
	publisher="Springer-Verlag",
	year="1991",
	pages="376--398"
        }

	@article{
NSY92,
	author="X. Nicollin and J. Sifakis and S. Yovine",
	title="Compiling real-time specifications into extended automata",
	journal="IEEE Transactions on Software Engineering",
        volume="SE-18",
	number="9",
        year="1992",
	pages="794--804"
        }

        @article{
NSY93,
	author="X. Nicollin and J. Sifakis and S. Yovine",
	title="From {\sc {A}tp} to timed graphs and hybrid systems",
	journal="Acta Informatica",
	volume="30",
        year="1993",
	pages="181--202"
        }

	@article{
NPW81,
	author="M. Nielsen and G. Plotkin and G. Winskel",
        title="Petri nets, event structures, and domains, part~I",
  	journal="Theoretical Computer Science",
	volume="13",
  	year="1981",
  	pages="85--108"
	}

        @incollection{
OSY94,
	author="A. Olivero and J. Sifakis and S. Yovine",
	title="Using abstractions for the verification of linear hybrid 
		systems",
	booktitle="CAV 94: Computer Aided Verification",
	editor="D.L. Dill",
	series="Lecture Notes in Computer Science 818",
	publisher="Springer-Verlag",
	year="1994",
	pages="81--94"
        }

	@book{
Ostroff90,
        author="J.S. Ostroff",
	title="Temporal Logic of Real-time Systems",
	publisher="Research Studies Press",
        year="1990"
        }

	@article{
OwickiGries76,
	author="S. Owicki and D. Gries",
	title="An axiomatic proof technique for parallel programs",
	journal="Acta Informatica",
	volume="6",
	number="4",
	year="1976",
  	pages="319--340"
	}

	@article{
OwickiLamport82,
        author="S. Owicki and L. Lamport",
	title="Proving liveness properties of concurrent programs",
	journal="ACM Transactions on Programming Languages and Systems",
        volume="4",
	number="3",
        year="1982",
	pages="455--495"
        }

	@article{
PaigeTarjan87,
	author="R. Paige and R.E. Tarjan",
        title="Three partition-refinement algorithms",
	journal="SIAM Journal of Computing",
        volume="16",
	number="6",
        year="1987",
	pages="973--989"
        }

	@incollection{
ParkDill96,
	author="S. Park and D.L. Dill",
	title="Protocol verification by aggregation of distributed
transactions",
	booktitle="CAV 96: Computer Aided Verification",
	editor="R. Alur and T.A. Henzinger",
	series="Lecture Notes in Computer Science 1102",
	publisher="Springer-Verlag",
	year="1996",
	pages="300--310"
	}

	@incollection{
Peled93,
	author="D. Peled",
	title="All from one, one for all: on model checking using 
		representatives",
	booktitle="CAV 93: Computer Aided Verification",
	editor="C. Courcoubetis",
	series="Lecture Notes in Computer Science 697",
	publisher="Springer-Verlag",
	year="1993",
	pages="409--423"
	}

	@inproceedings{
Pnueli77,
        author="A. Pnueli",
	title="The temporal logic of programs",
	booktitle="Proceedings of the 18th Annual Symposium on 
		Foundations of Computer	Science",
	publisher="IEEE Computer Society Press",
        year="1977",
	pages="46--57"
	}

	@article{
Pnueli81,
	author="A. Pnueli",
	title="The temporal semantics of concurrent programs",
	journal="Theoretical Computer Science",
	volume="13",
	number="1",
	year="1981",
	pages="45--60"
	}

	@incollection{
Pnueli84,
        author="A. Pnueli",
	title="In transition from global to modular temporal reasoning about 
		  programs",
	booktitle="Logics and Models of Concurrent Systems",
        editor="K.R. Apt",
	publisher="Springer-Verlag",
        year="1984",
        pages="123--144"
	}

	@incollection{
Pnueli86,
        author="A. Pnueli",
	title="Applications of temporal logic to the specification and 
        	verification of reactive systems: a survey of current
		trends",
	booktitle="Current Trends in Concurrency",
        editor="de Bakker, J.W. and de Roever, W.-P. and G. Rozenberg",
	series="Lecture Notes in Computer Science 224",
	publisher="Springer-Verlag",
        year="1986",
        pages="510--584"
	}

	@inproceedings{
PnueliDeRoever82,
        author="A. Pnueli and de Roever, W.-P.",
   	title="Rendez-vous with {Ada}: a proof-theoretical view",
   	booktitle="Proceedings of the SIGPLAN AdaTEC Conference on Ada",
	publisher="ACM Press",
	year="1982",
	pages="129--137"
	}

	@incollection{
PnueliHarel88,
        author="A. Pnueli and E. Harel",
	title="Applications of temporal logic to the specification of 
        	real-time systems",
	booktitle="Formal Techniques in Real-time and Fault-tolerant Systems",
	editor="M. Joseph",
	series="Lecture Notes in Computer Science 331",
	publisher="Springer-Verlag",
        year="1988",
	pages="84--98"
	}

	@inproceedings{
PnueliRosner89,
        author="A. Pnueli and R. Rosner",
	title="On the synthesis of a reactive module",
	booktitle="Proceedings of the 16th Annual Symposium on
		Principles of Programming Languages",
	publisher="ACM Press",
        year="1989",
	pages="179--190"
	}

	@article{
PongDubois95,
	author="F. Pong and M. Dubois",
	title="A new approach for the verification of cache coherence
protocols",
	journal="IEEE Transactions on Parallel and Distributed
Systems",
	volume=6,
	number=8,
	year=1995,
	pages="773--787"
	}

	@article{
Pratt80,
        author="V.R. Pratt",
	title="A near-optimal method for reasoning about action",
	journal="Journal of Computer and System Sciences",
        volume="20",
	number="2",
        year="1980",
	pages="231--254"
        }

	@article{
Pratt86,
        author="V.R. Pratt",
	title="Modeling concurrency with partial orders",
	journal="International Journal of Parallel Programming",
	volume="15",
	number="1",
	year="1986",
  	pages="33--71"
	}

	@incollection{
PBV96,
	author="A. Puri and V. Borkar and P. Varaiya",
	title="$\varepsilon$-Approximation of differential inclusions",
	booktitle="Hybrid Systems III",
	editor="R. Alur and T.A. Henzinger and E.D. Sontag",
	series="Lecture Notes in Computer Science 1066",
	publisher="Springer-Verlag",
        year="1996",
        pages="362--376"
	}

	@inproceedings{
PSCH98,
	author="M. Plakal and D.J. Sorin and A.E. Condon and
M.D. Hill",
        title="Lamport clocks: verifying a directory cache-coherence protocol",
        booktitle="Proceedings of the 10th Annual ACM Symposium on Parallel
Algorithms and Architectures",
	year=1998,
	pages="67--76"
	}	   

	@incollection{
PuriVaraiya94,
	author="A. Puri and P. Varaiya",
	title="Decidability of hybrid systems with rectangular differential 
		inclusions",
	booktitle="CAV 94: Computer Aided Verification",
	editor="D.L. Dill",
	series="Lecture Notes in Computer Science 818",
	publisher="Springer-Verlag",
	year="1994",
	pages="95--104"
	}

        @unpublished{
PuriVaraiya95,
        author="A. Puri and P. Varaiya",
        title="Verification of hybrid systems using abstractions",
        note="To appear",
        year="1995"
        }

	@incollection{
QueilleSifakis81,
        author="J. Queille and J. Sifakis",
	title="Specification and verification of concurrent systems in 
		{CESAR}",
	booktitle="Fifth International Symposium on Programming",
	editor="{Dezani-Ciancaglini}, M. and U. Montanari",
	series="Lecture Notes in Computer Science 137",
	publisher="Springer-Verlag",
        year="1981",
	pages="337--351"
	}

	@misc{
web-rajamani,
	author= {S. K. Rajamani},
	howpublished = "{\verb+ http://www-cad.eecs.berkeley.edu/~sriramr/research+}"
}

	@inproceedings{
RAP95,
	author = "R.K. Ranjan and A. Aziz and B. Plessier and C. Pixley and R.K. Brayton",
	title = "Efficient formal design verification: data structures + algorithms",
	booktitle = "Workshop Notes of the International Workshop on Logic Synthesis",
	year = 1995
}

	@article{
RamadgeWonham87,
	author="P.J. Ramadge and W.M. Wonham",
	title="Supervisory control of a class of discrete-event processes",
	journal="SIAM Journal of Control and Optimization",
	volume="25",
	number="1",
	year="1987",
	pages="206--230"
	}

	@incollection{
RaskinSchobbens97,
	author="J.-F. Raskin and P.-Y. Schobbens",
	title="State clock logic: a decidable real-time logic",
	booktitle="HART 97: Hybrid and Real-time Systems",
	editor="O. Maler",
	series="Lecture Notes in Computer Science 1201",
	publisher="Springer-Verlag",
        year="1997",
	pages="33--47"
	}



	@article{
ReedRoscoe88,
        author="G.M. Reed and A.W. Roscoe",
	title="A timed model for communicating sequential processes",
	journal="Theoretical Computer Science",
	volume="58",
	number="1/2/3",
	year="1988",
	pages="249--261"
	}

	@book{
Reisig85,
  	author="W. Reisig",
	title="Petri Nets: An Introduction",
  	publisher="Springer-Verlag",
  	year="1985"
	}

	@book{
Rogers67,
        author="Rogers, Jr., H.",
	title="Theory of Recursive Functions and Effective Computability",
	publisher="McGraw-Hill Book Company",
        year="1967"
        }

	@mastersthesis{
Ron84,
	author="D. Ron",
	title="Temporal Verification of Communication Protocols",
        school="The Weizmann Institute of Science", 
	address="Rehovot, Israel",
        year="1984"
	}


        @inproceedings{
RowsonSangiovanni97,
        author="J. A. Rowson and A. Sangiovanni-Vincentelli",
        title="Interface-Based Design",
        booktitle="DAC 97 : Design Automation Conference",
        year="1997",
        pages="178--183"
        }
     


	@inproceedings{
Safra88,
        author="S. Safra",
	title="On the complexity of $\omega$-automata",
	booktitle="Proceedings of the 29th Annual Symposium on 
		Foundations of Computer	Science",
	publisher="IEEE Computer Society Press",
        year="1988",
	pages="319--327"
	}

	@techreport{
Schneider87,
	author="F.B. Schneider",
	title="Understanding Protocols for Byzantine Clock Synchronization",
	institution="Cornell University",
	number="CSD-TR-87-859",
	year="1987"
	}

  	@inproceedings{
Schneider88,
	author="F.B. Schneider",
	title="Real-time, reliable systems project",
	booktitle="Proceedings of the ONR Kickoff Workshop for the
        	Foundations of Real-time Computing Research Initiative",
	publisher="Office of Naval Research",
	year="1988",
	pages="28--32"
	}

	@book{
Schneider94,
	author="F.B. Schneider",
	title="On Concurrent Programming",
	year="To appear"
 	}

	@inproceedings{
SBM92,
	author="F.B. Schneider and B. Bloom and K. Marzullo",
	title="Putting time into proof outlines",
        booktitle="Real Time: Theory in Practice",
        editor="de Bakker, J.W. and K. Huizing and de Roever, W.-P. and 
        	G. Rozenberg",
        series="Lecture Notes in Computer Science 600",
        publisher="Springer-Verlag",
        year="1992",
	pages="618--639"
	}

	@article{
ShankarLam87,
	author="A.U. Shankar and S. Lam",
	title="Time-dependent distributed systems: proving safety,
        	liveness, and timing properties",
	journal="Distributed Computing",
	volume="2",
	number="2",
	year="1987",
	pages="61--79"
	}

	@inproceedings{
SPE84,
        author="D.E. Shasha and A. Pnueli and W. Ewald",
	title="Temporal verification of carrier-sense local area network
        	protocols",
	booktitle="Proceedings of the 11th Annual Symposium on
		Principles of Programming Languages",
	publisher="ACM Press",
        year="1984",
	pages="54--65"
	}

	@inproceedings{
SSR97,
	author="V.P. Srini and J.M. Rabaey",
	title="An architecture for web-based image processing",
	booktitle="Proceedings of the SPIE Conference 3166",
	year="1997",
        pages="90--101"
	}

	@inproceedings{
STUR98,
	author="V.P. Srini and J. Thendean and S.Z. Ueng and J.M. Rabaey",
	title="A parallel {DSP} with memory and {I/O} processors",
	booktitle="Proceedings of the SPIE Conference 3452",
	year="1998",
        pages="2--13"
	}

	@article{
Sifakis82,
        author="J. Sifakis",
	title="A unified approach for studying the properties of 
        	transition systems",
	journal="Theoretical Computer Science",
	volume="18",
        year="1982",
	pages="227--258"
	}

	@book{
Smullyan68,
        author="R.M. Smullyan",
	title="First-order Logic",
	publisher="Springer-Verlag",
        year="1968"
        }

	@incollection{
SinghalPixley94,
        author="V. Singhal and C. Pixley",
	title="The verification problem for safe replaceability",
	booktitle="CAV 94: Computer Aided Verification",
	editor="D.L. Dill",
	series="Lecture Notes in Computer Science 818",
	publisher="Springer-Verlag",
        year="1994",
	pages="311--323"
        }

	@phdthesis{
Sistla83,
	author="A.P. Sistla",
	title="Theoretical Issues in the Design and Verification of 
		Distributed Systems",
        school="Harvard University",
        year="1983"
	}

	@article{
SistlaClarke85,
        author="A.P. Sistla and E.M. Clarke",
	title="The complexity of propositional linear temporal logics",
	journal="Journal of the ACM",
        volume="32",
	number="3",
        year="1985",
	pages="733--749"
        }

        @incollection{
Stark85,
	author = {E.W. Stark},
	title = "A Proof Technique for Rely/Guarantee Properties",
	booktitle = "Proceedings of the 5th Conference on Foundations of Software Technology and Theoretical Computer Science",
        series="Lecture Notes in Computer Science 206",
        publisher="Springer-Verlag",
        year="1985",
	pages="369--391"
        }

	@article{
StirlingWalker91,
	author="C.P. Stirling and D.J. Walker",
	title="Local model checking in the modal $\mu$-calculus",
	journal="Theoretical Computer Science",
	volume="89",
	number="1",
	year="1991"
	}

	@phdthesis{
Stockmeyer74,
	author="L.J. Stockmeyer",
	title="The Complexity of Decision Problems in Automata Theory and 
		Logic",
        school="Massachusetts Institute of Technology",
        year="1974"
	}


	@inproceedings{
StockmeyerMeyer73,
	author="L.J. Stockmeyer and A.R. Meyer",
	title="Word problems requiring exponential time",
	booktitle="Proceedings of the 5th Annual Symposium on
		Theory of Computing",
	publisher="ACM Press",
	year="1973",
	pages="1--9"
	}

	@book{
Tanenbaum92,
	author = {Andrew S. Tanenbaum},
	title = "{Computer Networks}",
	publisher = {Prentice-Hall Inc.},
	year = "1992"
}

	@incollection{
TAKB96,
        author="S. Ta\c{s}iran and R. Alur and R.P. Kurshan and R.K. Brayton",
	title="Verifying abstractions of timed systems",
	booktitle="CONCUR 96: Concurrency Theory",
        editor="U. Montanari",
	series="Lecture Notes in Computer Science",
	publisher="Springer-Verlag",
        year="1996",
	pages="546--562"
        }

	@article{
Thomas81,
        author="Wolfgang Thomas",
	title="A combinatorial approach to the theory of $\omega$-automata",
	journal="Information and Control",
        volume="48",
	number="3",
        year="1981",
	pages="261--283"
        }

	@incollection{
Thomas90,
	author="W. Thomas",
	title="Automata on infinite objects",
  	booktitle="Handbook of Theoretical Computer Science",
	volume="B",
	editor="van Leeuwen, J.",
  	publisher="Elsevier Science Publishers",
	year="1990",
        pages="133--191"
	}

	@incollection{
TripakisYovine96,
	author="S. Tripakis and S. Yovine",
	title="Analysis of timed systems based on time-abstracting 
	        bisimulations",
	booktitle="CAV 96: Computer Aided Verification",
	series="Lecture Notes in Computer Science",
	publisher="Springer-Verlag",
	year="1996",
	pages="232--243"
	}
		  
      	@incollection{
Valmari90,
	author="A. Valmari",
 	title="A stubborn attack on state explosion",
	booktitle="CAV 90: Computer Aided Verification",
	editor="R.P. Kurshan and E.M. Clarke",
	series="Lecture Notes in Computer Science 531",
	publisher="Springer-Verlag",
	year="1990",
	pages="25--42"
	}

	@book{
vanBenthem83,
	author="van Benthem, J.",
	title="The Logic of Time",
	publisher="D. Reidel Publishing Company",
	year="1983"
	}

	@phdthesis{
vanGlabbeek90,
	author="van Glabbeek, R.J.",
	title="Comparative Concurrency Semantics and Refinement of Actions",
        school="Vrije Universiteit te Amsterdam",
	address="The Netherlands",
        year="1990"
	}

	@article{
Varaiya93,
	author="P. Varaiya",
	title="Smart cars on smart roads: problems of control",
	journal="IEEE Transactions on Automatic Control",
	volume="38",
	number="2",
	year="1993",
	pages="195--207"
	}

	@inproceedings{
Vardi88,
        author="M.Y. Vardi",
	title="A temporal fixpoint calculus",
	booktitle="Proceedings of the 15th Annual Symposium on
		Principles of Programming Languages",
	publisher="ACM Press",
        year="1988",
	pages="250--259"
	}

        @article{
VardiWolper86jcss,
        author="M.Y. Vardi and P. Wolper",
        title="Automata-theoretic techniques for modal logics of programs",
        journal="Journal of Computer and System Sciences",
	volume="32",
        year="1986",
	pages="183--221"
        }

        @inproceedings{
VardiWolper86lics,
        author="M.Y. Vardi and P. Wolper",
        title="An automata-theoretic approach to automatic program 
		verification",
        booktitle="Proceedings of the First Annual Symposium on 
        	Logic in Computer Science",
        publisher="IEEE Computer Society Press",
        year="1986",
	pages="322--331"
        }

	@inproceedings{
Walter83,
        author="B. Walter",
	title="Timed {Petri} nets for modeling and analyzing protocols 
        with real-time characteristics",
	booktitle="Proceedings of the Third IFIP WG6.1 International
        	Workshop on Protocol Specification, Testing, and 
		Verification",
	editor="H. Rudin and C.H. West",
	publisher="Elsevier Science Publishers",
        year="1983",
	pages="149--159"
	}

	@inproceedings{
Wang95,
	author="F. Wang",
	title="Timing behavior analysis for real-time systems",
	booktitle="Proceedings of the Tenth Annual Symposium on
		Logic in Computer Science",
	publisher="IEEE Computer Society Press",
	year="1995",
	pages="112--122"
	}

	@inproceedings{
WME90,
	author="F. Wang and A.K. Mok and E.A. Emerson",
	title="Real-time distributed system specification and verification
        	in asynchronous propositional temporal logic",
	booktitle="Proceedings of the 12th International Conference on
        	Software Engineering",
	year="1992"
	}

	@incollection{
Wilke94,
        author="T. Wilke",
	title="Specifying timed state sequences in powerful decidable logics
		and timed automata",
	booktitle="FTRTFT 94: Formal Techniques in Real-time and 
		Fault-tolerant Systems",
	editor="H. Langmaack and de Roever, W.-P. and J. Vytopil",
	series="Lecture Notes in Computer Science 863",
	publisher="Springer-Verlag",
        year="1994",
	pages="694--715"
        }

	@book{
Wolfram88,
	author="S. Wolfram",
	title="Mathematica: A System for Doing Mathematics by Computer",
	publisher="Addison-Wesley Publishing Company",
        year="1988"
        }

	@phdthesis{
Wolper82,
        author="P. Wolper",
	title="Synthesis of Communicating Processes from Temporal-Logic 
		Specifications",
        school="Stanford University",
        year="1982"
        }

	@article{
Wolper83,
        author="P. Wolper",
	title="Temporal logic can be more expressive",
	journal="Information and Control",
        volume="56",
	number="1/2",
        year="1983",
	pages="72--99"
        }

	@inproceedings{
WolperLovinfosse89,
        author="P. Wolper and V. Lovinfosse",
        title="Verifying properties of large sets of processes with network invariants",
        booktitle="Proceedings of the International Workshop on
Automatic Verification Methods for Finite-State Systems",
        series="Lecture Notes in Computer Science 407", 
        publisher="Springer-Verlag",
        pages="68--80",
        year="1989"
	}

	@inproceedings{
WVS83,
        author="P. Wolper and M.Y. Vardi and A.P. Sistla",
	title="Reasoning about infinite computation paths",
	booktitle="Proceedings of the 24th Annual Symposium on 
        	Foundations of Computer	Science",
	publisher="IEEE Computer Society Press",
        year="1983",
	pages="185--194"
	}

	@incollection{
WongToiDill90,
	author="{Wong-Toi}, H. and D.L. Dill",
 	title="Synthesizing processes and schedulers from temporal 
		specifications",
	booktitle="CAV 90: Computer Aided Verification",
	editor="R.P. Kurshan and E.M. Clarke",
	series="Lecture Notes in Computer Science 531",
	publisher="Springer-Verlag",
	note="1990",
	pages="272--281"
	}

	@incollection{
Yi90,
        author="W. Yi",
	title="Real-time behavior of asynchronous agents",
	booktitle="CONCUR 90: Theories of Concurrency",
	editor="J.C.M. Baeten and J.W. Klop",
	series="Lecture Notes in Computer Science 458",
	publisher="Springer-Verlag",
        year="1990", 
	pages="502--520"
	}

        @inproceedings{
ZSS94,
        author="S. Zhang and O. Sokolsky and S. Smolka",
        title="On the parallel complexity of model checking and the 
                $\mu$-calculus",
        booktitle="Proceedings of the Ninth Annual Symposium on 
        	Logic in Computer Science",
        publisher="IEEE Computer Society Press",
        year="1994",
	pages="154--163"
        }


%
%  MISCELLANEOUS KINDS OF REFERENCES
%
%

	@manual{
tix-http,
	  title = "{Tix Home Page}",
	  note = {{\tt http://www.xpi.com/tix/index.html}},
	  year = 1997,
	  organization = {Expert Interface Technologies}
}
