%%CAV Paper
    @inproceedings{
cav-paper,
    author="Arindam Chakrabarti, Luca de Alfaro, Thomas A. Henzinger, Freddy Y.C. Mang",
    title="Synchronous and Bidirectional Component Interfaces",
    booktitle="Proceedings of CAV",
    year="1997",
    volume="",
    pages=""
    }

%%Example Bibliographies
    @book{
IEEE,
    title="IEEE Standard Dictionary of Electrical and Electronics Terms",
    editor="F. Jay",
    edition="fourth",
    publisher="The Institute of Electrical and Electronics Engineers",
    address="Piscataway, New Jersey",
    year="1988"
    }

        @book{
LNCS600,
    title="Real Time: Theory in Practice",
        editor="de Bakker, J.W. and K. Huizing and de Roever, W.-P. and
            G. Rozenberg",
        series="Lecture Notes in Computer Science 600",
        publisher="Springer-Verlag",
        year="1992"
        }

    @phdthesis{
Abadi87,
    author="M. Abadi",
    title="Temporal-Logic Theorem Proving",
        school="Stanford University",
        year="1987"
    }

    @inproceedings{
AbadiLamport88,
        author="M. Abadi and L. Lamport",
    title="The existence of refinement mappings",
    booktitle="Proceedings of the 3rd Annual Symposium on
            Logic in Computer Science",
    publisher="IEEE Computer Society Press",
        year="1988",
    pages="165--175"
    }

    @incollection{
AbadiLamport90,
        author="M. Abadi and L. Lamport",
    title="Composing specifications",
    booktitle="Stepwise Refinement of Distributed Systems: Models,
        Formalism, Correctness",
        editor="de Bakker, J.W. and de Roever, W.-P. and G. Rozenberg",
    series="Lecture Notes in Computer Science 430",
    publisher="Springer-Verlag",
        year="1990"
        }

    @article{
AbadiLamport91,
        author="M. Abadi and L. Lamport",
    title="The existence of refinement mappings",
    journal="Theoretical Computer Science",
        volume="82",
    number="2",
        year="1991",
    pages="253--284"
    }

        @incollection{
AbadiLamport92,
        author="M. Abadi and L. Lamport",
        title="An old-fashioned recipe for real time",
        booktitle="Real Time: Theory in Practice",
        editor="de Bakker, J.W. and K. Huizing and de Roever, W.-P. and
            G. Rozenberg",
        series="Lecture Notes in Computer Science 600",
        publisher="Springer-Verlag",
        year="1992",
    pages="1--27"
        }

    @article{
AbadiLamport93,
        author="M. Abadi and L. Lamport",
    title="Composing Specifications",
    journal="ACM Transactions on Programming Languages and Systems",
        volume="15",
    number="1",
        year="1993",
    pages="73--132"
    }

    @article{
AlurDill94,
    author="R. Alur and D.L. Dill",
    title="A theory of timed automata",
    journal="Theoretical Computer Science",
    year="1994",
    volume="126",
    pages="183--235"
    }

        @techreport{
BerryGonthier88,
        author="G. Berry and G. Gonthier",
        title="The Synchronous Programming Language {\sc {E}sterel}: Design,
            Semantics, Implementation",
    institution="INRIA",
    number="842",
    year="1988"
    }

    @unpublished{
CBG91,
    author="E.M. Clarke and J.R. Burch and O. Grumberg and
        D.E. Long and K.L. McMillan",
    title="Automatic verification of sequential circuit designs",
        note="Presented at the Royal Society of London",
        year="1991"
    }

    @mastersthesis{
Harel88,
    author="E. Harel",
    title="Temporal Analysis of Real-time Systems",
        school="The Weizmann Institute of Science",
    address="Rehovot, Israel",
        year="1988"
    }

%
%  MISCELLANEOUS KINDS OF REFERENCES
%
%

    @manual{
tix-http,
      title = "{Tix Home Page}",
      note = {{\tt http://www.xpi.com/tix/index.html}},
      year = 1997,
      organization = {Expert Interface Technologies}
}
