@Article{bond01,
  author =       {Mike Bond; Ross Anderson},
  title =        {{API-Level} attacks on Embedded Systems},
  journal =      {},
  year =         {2001},
  OPTkey =       {},
  OPTvolume =    {},
  OPTnumber =    {},
  OPTpages =     {},
  OPTmonth =     {},
  OPTnote =      {},
  OPTannote =    {}
}

@Book{ross01,
  author =       {Ross Anderson},
  title =        {Security Engineering},
  publisher=     {Wiley Computer Publishing},  
  year =         {2001},
  OPTkey =       {},
  OPTvolume =    {},
  OPTnumber =    {},
  OPTpages =     {},
  OPTmonth =     {},
  OPTnote =      {},
  OPTannote =    {}
}

@Misc{simpIML,
  title= {Information Markup Language 0.01 Specification},
  howpublished = {www.simputer.org},
}

@Misc{simpSC,
  title= {Simputer, {IML} and smartcard},
  howpublished = {www.simputer.org},
}

@inproceedings{mudge01,
author = {Kingpin; Mudge},
title = {Security Analysis of the Palm OS and its weaknesses against malicious code threats},
booktitle = {Proceedings of the 10th USENIX Security Symposium},
year = {2001},
}


@inproceedings{lamp71,
  author =       {Butler Lampson},
  title =        {Protection},
  booktitle =      {Proc. 5th Princeton Conf. On Information Sciences and Systems},
  year =         {1971},
}

@Article{lamp,
  author =       {Butler Lampson},
  title =        {Computer Security in Real World},
  journal =      {},
  year =         {2000},
}

@inproceedings{rosstalk,
  author =       {Ross Anderson},
  title =        {Protecting Embedded Systems- The Next Ten Years},
  booktitle =      {CHES 2001, LNCS 2162},
  year =         {2001},
}

@inproceedings{elliptic,
  author =       {Andre Weimerskirch, Christ Paar, Sheueling Chang Shantz},
  title =        {Elliptic Curve Cryptography on a Palm OS Device},
  booktitle =      {ACISP 2001, LNCS 2119},
  year =         {2001},
}

@Article{pocketpc,
  author =       {Microsoft Research},
  title =        {Pocket PC Security},
  journal =      {Microsoft White Papers},
  year =         {2001}, 
}

@Article{abadi,
  author =       {Butler Lampson; Martin Abadi;Michael Burrows},
  title =        {Authentication in Distributed Systems: Theory and Pratice },
  journal =      {ACM Trans. Computer Systems},
  year =         {1992},
}